%YAML 1.1
%TAG !u! tag:unity3d.com,2011:
--- !u!1 &7547248785420834663
GameObject:
  m_ObjectHideFlags: 0
  m_CorrespondingSourceObject: {fileID: 0}
  m_PrefabInstance: {fileID: 0}
  m_PrefabAsset: {fileID: 0}
  serializedVersion: 6
  m_Component:
  - component: {fileID: 7547248785420834662}
  - component: {fileID: 7547248785420834664}
  - component: {fileID: 7547248785420834665}
  m_Layer: 0
  m_Name: leg_left
  m_TagString: Untagged
  m_Icon: {fileID: 0}
  m_NavMeshLayer: 0
  m_StaticEditorFlags: 0
  m_IsActive: 1
--- !u!4 &7547248785420834662
Transform:
  m_ObjectHideFlags: 0
  m_CorrespondingSourceObject: {fileID: 0}
  m_PrefabInstance: {fileID: 0}
  m_PrefabAsset: {fileID: 0}
  m_GameObject: {fileID: 7547248785420834663}
  m_LocalRotation: {x: 0, y: 0, z: 0, w: 1}
  m_LocalPosition: {x: 0, y: 0, z: 0}
  m_LocalScale: {x: 1, y: 1, z: 1}
  m_Children:
  - {fileID: 7547248785752814962}
  - {fileID: 7547248787350953577}
  - {fileID: 7547248787287047147}
  m_Father: {fileID: 7547248787226795525}
  m_RootOrder: 3
  m_LocalEulerAnglesHint: {x: 0, y: 0, z: 0}
--- !u!114 &7547248785420834664
MonoBehaviour:
  m_ObjectHideFlags: 0
  m_CorrespondingSourceObject: {fileID: 0}
  m_PrefabInstance: {fileID: 0}
  m_PrefabAsset: {fileID: 0}
  m_GameObject: {fileID: 7547248785420834663}
  m_Enabled: 1
  m_EditorHideFlags: 0
  m_Script: {fileID: 11500000, guid: b1577d1bce6e9ec47b4c95dd2d94493a, type: 3}
  m_Name: 
  m_EditorClassIdentifier: 
  m_Weight: 1
  m_Data:
    m_Driver: 0
    m_SourceObjects:
    - {fileID: 7547248785752814962}
    - {fileID: 7547248786915923650}
    - {fileID: 7547248785570462607}
    - {fileID: 7547248785969362134}
  m_SourceObjectsGUIToggle: 1
--- !u!114 &7547248785420834665
MonoBehaviour:
  m_ObjectHideFlags: 0
  m_CorrespondingSourceObject: {fileID: 0}
  m_PrefabInstance: {fileID: 0}
  m_PrefabAsset: {fileID: 0}
  m_GameObject: {fileID: 7547248785420834663}
  m_Enabled: 1
  m_EditorHideFlags: 0
  m_Script: {fileID: 11500000, guid: aeda7bfbf984f2a4da5ab4b8967b115d, type: 3}
  m_Name: 
  m_EditorClassIdentifier: 
  m_Weight: 1
  m_Data:
    m_Root: {fileID: 0}
    m_Mid: {fileID: 0}
    m_Tip: {fileID: 0}
    m_Target: {fileID: 7547248785752814962}
    m_Hint: {fileID: 7547248787350953577}
    m_TargetPositionWeight: 1
    m_TargetRotationWeight: 1
    m_HintWeight: 1
    m_MaintainTargetPositionOffset: 0
    m_MaintainTargetRotationOffset: 0
  m_SourceObjectsGUIToggle: 1
  m_SettingsGUIToggle: 1
--- !u!1 &7547248785464767732
GameObject:
  m_ObjectHideFlags: 0
  m_CorrespondingSourceObject: {fileID: 0}
  m_PrefabInstance: {fileID: 0}
  m_PrefabAsset: {fileID: 0}
  serializedVersion: 6
  m_Component:
  - component: {fileID: 7547248785464767735}
  - component: {fileID: 7547248785464767734}
  m_Layer: 0
  m_Name: torso
  m_TagString: Untagged
  m_Icon: {fileID: 0}
  m_NavMeshLayer: 0
  m_StaticEditorFlags: 0
  m_IsActive: 1
--- !u!4 &7547248785464767735
Transform:
  m_ObjectHideFlags: 0
  m_CorrespondingSourceObject: {fileID: 0}
  m_PrefabInstance: {fileID: 0}
  m_PrefabAsset: {fileID: 0}
  m_GameObject: {fileID: 7547248785464767732}
  m_LocalRotation: {x: -0, y: -0, z: -0, w: 1}
  m_LocalPosition: {x: 0, y: 0, z: 0}
  m_LocalScale: {x: 1, y: 1, z: 1}
  m_Children:
  - {fileID: 7547248787279469165}
  - {fileID: 7547248786835594936}
  m_Father: {fileID: 7547248785700738552}
  m_RootOrder: 1
  m_LocalEulerAnglesHint: {x: 0, y: 0, z: 0}
--- !u!114 &7547248785464767734
MonoBehaviour:
  m_ObjectHideFlags: 0
  m_CorrespondingSourceObject: {fileID: 0}
  m_PrefabInstance: {fileID: 0}
  m_PrefabAsset: {fileID: 0}
  m_GameObject: {fileID: 7547248785464767732}
  m_Enabled: 1
  m_EditorHideFlags: 0
  m_Script: {fileID: 11500000, guid: 0ac0c81bcb0dd554694d4b9be94846cb, type: 3}
  m_Name: 
  m_EditorClassIdentifier: 
  m_Weight: 1
  m_Data:
    root: {fileID: 7547248785799089016}
    tip: {fileID: 7547248785483457169}
    rootTarget: {fileID: 7547248787279469165}
    tipTarget: {fileID: 7547248786835594936}
    curve:
      serializedVersion: 2
      m_Curve:
      - serializedVersion: 3
        time: 0
        value: 0
        inSlope: 0
        outSlope: 1
        tangentMode: 0
        weightedMode: 0
        inWeight: 0
        outWeight: 0
      - serializedVersion: 3
        time: 1
        value: 1
        inSlope: 1
        outSlope: 0
        tangentMode: 0
        weightedMode: 0
        inWeight: 0
        outWeight: 0
      m_PreInfinity: 2
      m_PostInfinity: 2
      m_RotationOrder: 4
--- !u!1 &7547248785483457166
GameObject:
  m_ObjectHideFlags: 0
  m_CorrespondingSourceObject: {fileID: 0}
  m_PrefabInstance: {fileID: 0}
  m_PrefabAsset: {fileID: 0}
  serializedVersion: 6
  m_Component:
  - component: {fileID: 7547248785483457169}
  - component: {fileID: 7547248785483457168}
  m_Layer: 0
  m_Name: override_upper_chest
  m_TagString: Untagged
  m_Icon: {fileID: 0}
  m_NavMeshLayer: 0
  m_StaticEditorFlags: 0
  m_IsActive: 1
--- !u!4 &7547248785483457169
Transform:
  m_ObjectHideFlags: 0
  m_CorrespondingSourceObject: {fileID: 0}
  m_PrefabInstance: {fileID: 0}
  m_PrefabAsset: {fileID: 0}
  m_GameObject: {fileID: 7547248785483457166}
  m_LocalRotation: {x: 0, y: 0, z: 0, w: 1}
  m_LocalPosition: {x: 0, y: 0, z: 0}
  m_LocalScale: {x: 1, y: 1, z: 1}
  m_Children:
  - {fileID: 7547248786693530936}
  - {fileID: 7547248786372326998}
  - {fileID: 7547248786686260683}
  m_Father: {fileID: 7547248785736194079}
  m_RootOrder: 0
  m_LocalEulerAnglesHint: {x: 0, y: 0, z: 0}
--- !u!114 &7547248785483457168
MonoBehaviour:
  m_ObjectHideFlags: 0
  m_CorrespondingSourceObject: {fileID: 0}
  m_PrefabInstance: {fileID: 0}
  m_PrefabAsset: {fileID: 0}
  m_GameObject: {fileID: 7547248785483457166}
  m_Enabled: 1
  m_EditorHideFlags: 0
  m_Script: {fileID: 11500000, guid: cf219326d2292de48a0c671da18d402b, type: 3}
  m_Name: 
  m_EditorClassIdentifier: 
  m_Weight: 1
  m_Data:
    m_ConstrainedObject: {fileID: 0}
    m_OverrideSource: {fileID: 7547248785483457169}
    m_OverridePosition: {x: 0, y: 0, z: 0}
    m_OverrideRotation: {x: 0, y: 0, z: 0}
    m_PositionWeight: 1
    m_RotationWeight: 1
    m_Space: 2
  m_SourceObjectsGUIToggle: 1
  m_SettingsGUIToggle: 0
--- !u!1 &7547248785490940368
GameObject:
  m_ObjectHideFlags: 0
  m_CorrespondingSourceObject: {fileID: 0}
  m_PrefabInstance: {fileID: 0}
  m_PrefabAsset: {fileID: 0}
  serializedVersion: 6
  m_Component:
  - component: {fileID: 7547248785490940371}
  - component: {fileID: 7547248785490940370}
  m_Layer: 0
  m_Name: override_head
  m_TagString: Untagged
  m_Icon: {fileID: 0}
  m_NavMeshLayer: 0
  m_StaticEditorFlags: 0
  m_IsActive: 1
--- !u!4 &7547248785490940371
Transform:
  m_ObjectHideFlags: 0
  m_CorrespondingSourceObject: {fileID: 0}
  m_PrefabInstance: {fileID: 0}
  m_PrefabAsset: {fileID: 0}
  m_GameObject: {fileID: 7547248785490940368}
  m_LocalRotation: {x: -0.106547974, y: 0.0067216596, z: 0.00071304577, w: 0.99428463}
  m_LocalPosition: {x: 0.0000000011827797, y: 0.062108163, z: -0.00000004406087}
  m_LocalScale: {x: 0.99999994, y: 1, z: 0.9999997}
  m_Children: []
  m_Father: {fileID: 7547248786693530936}
  m_RootOrder: 0
  m_LocalEulerAnglesHint: {x: 0, y: 0, z: 0}
--- !u!114 &7547248785490940370
MonoBehaviour:
  m_ObjectHideFlags: 0
  m_CorrespondingSourceObject: {fileID: 0}
  m_PrefabInstance: {fileID: 0}
  m_PrefabAsset: {fileID: 0}
  m_GameObject: {fileID: 7547248785490940368}
  m_Enabled: 1
  m_EditorHideFlags: 0
  m_Script: {fileID: 11500000, guid: cf219326d2292de48a0c671da18d402b, type: 3}
  m_Name: 
  m_EditorClassIdentifier: 
  m_Weight: 1
  m_Data:
    m_ConstrainedObject: {fileID: 0}
    m_OverrideSource: {fileID: 7547248785490940371}
    m_OverridePosition: {x: 0, y: 0, z: 0}
    m_OverrideRotation: {x: 0, y: 0, z: 0}
    m_PositionWeight: 1
    m_RotationWeight: 1
    m_Space: 2
  m_SourceObjectsGUIToggle: 1
  m_SettingsGUIToggle: 0
--- !u!1 &7547248785499219008
GameObject:
  m_ObjectHideFlags: 0
  m_CorrespondingSourceObject: {fileID: 0}
  m_PrefabInstance: {fileID: 0}
  m_PrefabAsset: {fileID: 0}
  serializedVersion: 6
  m_Component:
  - component: {fileID: 7547248785499219011}
  m_Layer: 0
  m_Name: target_pelvis
  m_TagString: Untagged
  m_Icon: {fileID: 0}
  m_NavMeshLayer: 0
  m_StaticEditorFlags: 0
  m_IsActive: 1
--- !u!4 &7547248785499219011
Transform:
  m_ObjectHideFlags: 0
  m_CorrespondingSourceObject: {fileID: 0}
  m_PrefabInstance: {fileID: 0}
  m_PrefabAsset: {fileID: 0}
  m_GameObject: {fileID: 7547248785499219008}
  m_LocalRotation: {x: 0.0000000027939677, y: -2.3283064e-10, z: 2.1282176e-10, w: 1}
  m_LocalPosition: {x: 0, y: 0, z: 0}
  m_LocalScale: {x: 1, y: 1, z: 1}
  m_Children: []
  m_Father: {fileID: 7547248786068360161}
  m_RootOrder: 1
  m_LocalEulerAnglesHint: {x: 0, y: 0, z: 0}
--- !u!1 &7547248785570462604
GameObject:
  m_ObjectHideFlags: 0
  m_CorrespondingSourceObject: {fileID: 0}
  m_PrefabInstance: {fileID: 0}
  m_PrefabAsset: {fileID: 0}
  serializedVersion: 6
  m_Component:
  - component: {fileID: 7547248785570462607}
  m_Layer: 0
  m_Name: pivot_ball
  m_TagString: Untagged
  m_Icon: {fileID: 0}
  m_NavMeshLayer: 0
  m_StaticEditorFlags: 0
  m_IsActive: 1
--- !u!4 &7547248785570462607
Transform:
  m_ObjectHideFlags: 0
  m_CorrespondingSourceObject: {fileID: 0}
  m_PrefabInstance: {fileID: 0}
  m_PrefabAsset: {fileID: 0}
  m_GameObject: {fileID: 7547248785570462604}
  m_LocalRotation: {x: 0.7790145, y: -0.018128362, z: 0.022558825, w: 0.62633765}
  m_LocalPosition: {x: -0.1029, y: -0.0006, z: 0.1254}
  m_LocalScale: {x: 1, y: 1, z: 1}
  m_Children: []
  m_Father: {fileID: 7547248787287047147}
  m_RootOrder: 1
  m_LocalEulerAnglesHint: {x: 0, y: 0, z: 0}
--- !u!1 &7547248785688167390
GameObject:
  m_ObjectHideFlags: 0
  m_CorrespondingSourceObject: {fileID: 0}
  m_PrefabInstance: {fileID: 0}
  m_PrefabAsset: {fileID: 0}
  serializedVersion: 6
  m_Component:
  - component: {fileID: 7547248785688167393}
  m_Layer: 0
  m_Name: ik_hint_leg_right
  m_TagString: Untagged
  m_Icon: {fileID: 0}
  m_NavMeshLayer: 0
  m_StaticEditorFlags: 0
  m_IsActive: 1
--- !u!4 &7547248785688167393
Transform:
  m_ObjectHideFlags: 0
  m_CorrespondingSourceObject: {fileID: 0}
  m_PrefabInstance: {fileID: 0}
  m_PrefabAsset: {fileID: 0}
  m_GameObject: {fileID: 7547248785688167390}
  m_LocalRotation: {x: 0.50924844, y: -0.03995135, z: 0.8589758, w: -0.035078328}
  m_LocalPosition: {x: 0.072, y: 0.443, z: 0.275}
  m_LocalScale: {x: 1, y: 1, z: 1}
  m_Children: []
  m_Father: {fileID: 7547248786256488742}
  m_RootOrder: 1
  m_LocalEulerAnglesHint: {x: 0, y: 0, z: 0}
--- !u!1 &7547248785700738553
GameObject:
  m_ObjectHideFlags: 0
  m_CorrespondingSourceObject: {fileID: 0}
  m_PrefabInstance: {fileID: 0}
  m_PrefabAsset: {fileID: 0}
  serializedVersion: 6
  m_Component:
  - component: {fileID: 7547248785700738552}
  - component: {fileID: 7547248785700738555}
  m_Layer: 0
  m_Name: centre_of_gravity
  m_TagString: Untagged
  m_Icon: {fileID: 0}
  m_NavMeshLayer: 0
  m_StaticEditorFlags: 0
  m_IsActive: 1
--- !u!4 &7547248785700738552
Transform:
  m_ObjectHideFlags: 0
  m_CorrespondingSourceObject: {fileID: 0}
  m_PrefabInstance: {fileID: 0}
  m_PrefabAsset: {fileID: 0}
  m_GameObject: {fileID: 7547248785700738553}
  m_LocalRotation: {x: -0.042383347, y: 0.0007975511, z: -0.0026407042, w: 0.9990976}
  m_LocalPosition: {x: -0.001558629, y: 0.987649, z: -0.013075829}
  m_LocalScale: {x: 1, y: 1, z: 1}
  m_Children:
  - {fileID: 7547248786068360161}
  - {fileID: 7547248785464767735}
  - {fileID: 7547248787007419119}
  m_Father: {fileID: 7547248787031720184}
  m_RootOrder: 0
  m_LocalEulerAnglesHint: {x: 0, y: 0, z: 0}
--- !u!114 &7547248785700738555
MonoBehaviour:
  m_ObjectHideFlags: 0
  m_CorrespondingSourceObject: {fileID: 0}
  m_PrefabInstance: {fileID: 0}
  m_PrefabAsset: {fileID: 0}
  m_GameObject: {fileID: 7547248785700738553}
  m_Enabled: 1
  m_EditorHideFlags: 0
  m_Script: {fileID: 11500000, guid: 48948dfe9d76b07488dacd46a7955fa1, type: 3}
  m_Name: 
  m_EditorClassIdentifier: 
--- !u!1 &7547248785715269456
GameObject:
  m_ObjectHideFlags: 0
  m_CorrespondingSourceObject: {fileID: 0}
  m_PrefabInstance: {fileID: 0}
  m_PrefabAsset: {fileID: 0}
  serializedVersion: 6
  m_Component:
  - component: {fileID: 7547248785715269459}
  - component: {fileID: 7547248785715269461}
  m_Layer: 0
  m_Name: override_hips
  m_TagString: Untagged
  m_Icon: {fileID: 0}
  m_NavMeshLayer: 0
  m_StaticEditorFlags: 0
  m_IsActive: 1
--- !u!4 &7547248785715269459
Transform:
  m_ObjectHideFlags: 0
  m_CorrespondingSourceObject: {fileID: 0}
  m_PrefabInstance: {fileID: 0}
  m_PrefabAsset: {fileID: 0}
  m_GameObject: {fileID: 7547248785715269456}
  m_LocalRotation: {x: -0.034371376, y: -0.0025142382, z: -0.0025228225, w: 0.9994028}
  m_LocalPosition: {x: -0.0025268388, y: 0.802448, z: -0.00032424927}
  m_LocalScale: {x: 1, y: 1, z: 1}
  m_Children:
  - {fileID: 7547248785799089016}
  m_Father: {fileID: 7547248787045833529}
  m_RootOrder: 0
  m_LocalEulerAnglesHint: {x: 0, y: 0, z: 0}
--- !u!114 &7547248785715269461
MonoBehaviour:
  m_ObjectHideFlags: 0
  m_CorrespondingSourceObject: {fileID: 0}
  m_PrefabInstance: {fileID: 0}
  m_PrefabAsset: {fileID: 0}
  m_GameObject: {fileID: 7547248785715269456}
  m_Enabled: 1
  m_EditorHideFlags: 0
  m_Script: {fileID: 11500000, guid: cf219326d2292de48a0c671da18d402b, type: 3}
  m_Name: 
  m_EditorClassIdentifier: 
  m_Weight: 1
  m_Data:
    m_ConstrainedObject: {fileID: 0}
    m_OverrideSource: {fileID: 7547248785715269459}
    m_OverridePosition: {x: 0, y: 0, z: 0}
    m_OverrideRotation: {x: 0, y: 0, z: 0}
    m_PositionWeight: 1
    m_RotationWeight: 1
    m_Space: 2
  m_SourceObjectsGUIToggle: 1
  m_SettingsGUIToggle: 1
--- !u!1 &7547248785736194076
GameObject:
  m_ObjectHideFlags: 0
  m_CorrespondingSourceObject: {fileID: 0}
  m_PrefabInstance: {fileID: 0}
  m_PrefabAsset: {fileID: 0}
  serializedVersion: 6
  m_Component:
  - component: {fileID: 7547248785736194079}
  - component: {fileID: 7547248785736194078}
  m_Layer: 0
  m_Name: override_chest
  m_TagString: Untagged
  m_Icon: {fileID: 0}
  m_NavMeshLayer: 0
  m_StaticEditorFlags: 0
  m_IsActive: 1
--- !u!4 &7547248785736194079
Transform:
  m_ObjectHideFlags: 0
  m_CorrespondingSourceObject: {fileID: 0}
  m_PrefabInstance: {fileID: 0}
  m_PrefabAsset: {fileID: 0}
  m_GameObject: {fileID: 7547248785736194076}
  m_LocalRotation: {x: 0.05571516, y: -0.0032962896, z: -0.00010734573, w: 0.9984413}
  m_LocalPosition: {x: -2.2468157e-10, y: 0.18587166, z: 0.0000000025826374}
  m_LocalScale: {x: 0.9999998, y: 0.9999995, z: 0.99999964}
  m_Children:
  - {fileID: 7547248785483457169}
  m_Father: {fileID: 7547248785799089016}
  m_RootOrder: 0
  m_LocalEulerAnglesHint: {x: 0, y: 0, z: 0}
--- !u!114 &7547248785736194078
MonoBehaviour:
  m_ObjectHideFlags: 0
  m_CorrespondingSourceObject: {fileID: 0}
  m_PrefabInstance: {fileID: 0}
  m_PrefabAsset: {fileID: 0}
  m_GameObject: {fileID: 7547248785736194076}
  m_Enabled: 1
  m_EditorHideFlags: 0
  m_Script: {fileID: 11500000, guid: cf219326d2292de48a0c671da18d402b, type: 3}
  m_Name: 
  m_EditorClassIdentifier: 
  m_Weight: 1
  m_Data:
    m_ConstrainedObject: {fileID: 0}
    m_OverrideSource: {fileID: 7547248785736194079}
    m_OverridePosition: {x: 0, y: 0, z: 0}
    m_OverrideRotation: {x: 0, y: 0, z: 0}
    m_PositionWeight: 1
    m_RotationWeight: 1
    m_Space: 2
  m_SourceObjectsGUIToggle: 1
  m_SettingsGUIToggle: 1
--- !u!1 &7547248785752814963
GameObject:
  m_ObjectHideFlags: 0
  m_CorrespondingSourceObject: {fileID: 0}
  m_PrefabInstance: {fileID: 0}
  m_PrefabAsset: {fileID: 0}
  serializedVersion: 6
  m_Component:
  - component: {fileID: 7547248785752814962}
  m_Layer: 0
  m_Name: ik_target_leg_left
  m_TagString: Untagged
  m_Icon: {fileID: 0}
  m_NavMeshLayer: 0
  m_StaticEditorFlags: 0
  m_IsActive: 1
--- !u!4 &7547248785752814962
Transform:
  m_ObjectHideFlags: 0
  m_CorrespondingSourceObject: {fileID: 0}
  m_PrefabInstance: {fileID: 0}
  m_PrefabAsset: {fileID: 0}
  m_GameObject: {fileID: 7547248785752814963}
  m_LocalRotation: {x: -0.024652079, y: 0.52232194, z: 0.8522576, w: 0.015134967}
  m_LocalPosition: {x: -0.09470419, y: 0.08506339, z: -0.015899137}
  m_LocalScale: {x: 1, y: 1, z: 1}
  m_Children: []
  m_Father: {fileID: 7547248785420834662}
  m_RootOrder: 0
  m_LocalEulerAnglesHint: {x: 0, y: 0, z: 0}
--- !u!1 &7547248785799089017
GameObject:
  m_ObjectHideFlags: 0
  m_CorrespondingSourceObject: {fileID: 0}
  m_PrefabInstance: {fileID: 0}
  m_PrefabAsset: {fileID: 0}
  serializedVersion: 6
  m_Component:
  - component: {fileID: 7547248785799089016}
  - component: {fileID: 7547248785799089019}
  m_Layer: 0
  m_Name: override_spine
  m_TagString: Untagged
  m_Icon: {fileID: 0}
  m_NavMeshLayer: 0
  m_StaticEditorFlags: 0
  m_IsActive: 1
--- !u!4 &7547248785799089016
Transform:
  m_ObjectHideFlags: 0
  m_CorrespondingSourceObject: {fileID: 0}
  m_PrefabInstance: {fileID: 0}
  m_PrefabAsset: {fileID: 0}
  m_GameObject: {fileID: 7547248785799089017}
  m_LocalRotation: {x: -0.008026273, y: 0.0032928833, z: 0.000015394182, w: 0.9999624}
  m_LocalPosition: {x: -4.8894433e-10, y: 0.18564208, z: -0.000000020799343}
  m_LocalScale: {x: 1, y: 1.0000002, z: 1.0000001}
  m_Children:
  - {fileID: 7547248785736194079}
  m_Father: {fileID: 7547248785715269459}
  m_RootOrder: 0
  m_LocalEulerAnglesHint: {x: 0, y: 0, z: 0}
--- !u!114 &7547248785799089019
MonoBehaviour:
  m_ObjectHideFlags: 0
  m_CorrespondingSourceObject: {fileID: 0}
  m_PrefabInstance: {fileID: 0}
  m_PrefabAsset: {fileID: 0}
  m_GameObject: {fileID: 7547248785799089017}
  m_Enabled: 1
  m_EditorHideFlags: 0
  m_Script: {fileID: 11500000, guid: cf219326d2292de48a0c671da18d402b, type: 3}
  m_Name: 
  m_EditorClassIdentifier: 
  m_Weight: 1
  m_Data:
    m_ConstrainedObject: {fileID: 0}
    m_OverrideSource: {fileID: 7547248785799089016}
    m_OverridePosition: {x: 0, y: 0, z: 0}
    m_OverrideRotation: {x: 0, y: 0, z: 0}
    m_PositionWeight: 1
    m_RotationWeight: 1
    m_Space: 2
  m_SourceObjectsGUIToggle: 1
  m_SettingsGUIToggle: 1
--- !u!1 &7547248785944224300
GameObject:
  m_ObjectHideFlags: 0
  m_CorrespondingSourceObject: {fileID: 0}
  m_PrefabInstance: {fileID: 0}
  m_PrefabAsset: {fileID: 0}
  serializedVersion: 6
  m_Component:
  - component: {fileID: 7547248785944224303}
  m_Layer: 0
  m_Name: target_head
  m_TagString: Untagged
  m_Icon: {fileID: 0}
  m_NavMeshLayer: 0
  m_StaticEditorFlags: 0
  m_IsActive: 1
--- !u!4 &7547248785944224303
Transform:
  m_ObjectHideFlags: 0
  m_CorrespondingSourceObject: {fileID: 0}
  m_PrefabInstance: {fileID: 0}
  m_PrefabAsset: {fileID: 0}
  m_GameObject: {fileID: 7547248785944224300}
  m_LocalRotation: {x: 0.04238314, y: -0.0007635617, z: 0.0026421444, w: 0.9990977}
  m_LocalPosition: {x: -0.00037074464, y: 0.4293551, z: 0.03886553}
  m_LocalScale: {x: 1, y: 1, z: 1}
  m_Children: []
  m_Father: {fileID: 7547248787007419119}
  m_RootOrder: 0
  m_LocalEulerAnglesHint: {x: 0, y: 0, z: 0}
--- !u!1 &7547248785969362135
GameObject:
  m_ObjectHideFlags: 0
  m_CorrespondingSourceObject: {fileID: 0}
  m_PrefabInstance: {fileID: 0}
  m_PrefabAsset: {fileID: 0}
  serializedVersion: 6
  m_Component:
  - component: {fileID: 7547248785969362134}
  m_Layer: 0
  m_Name: pivot_heel
  m_TagString: Untagged
  m_Icon: {fileID: 0}
  m_NavMeshLayer: 0
  m_StaticEditorFlags: 0
  m_IsActive: 1
--- !u!4 &7547248785969362134
Transform:
  m_ObjectHideFlags: 0
  m_CorrespondingSourceObject: {fileID: 0}
  m_PrefabInstance: {fileID: 0}
  m_PrefabAsset: {fileID: 0}
  m_GameObject: {fileID: 7547248785969362135}
  m_LocalRotation: {x: -0.024652079, y: 0.52232194, z: 0.8522576, w: 0.015134967}
  m_LocalPosition: {x: -0.0931, y: 0.0045, z: -0.0442}
  m_LocalScale: {x: 1, y: 1, z: 1}
  m_Children: []
  m_Father: {fileID: 7547248787287047147}
  m_RootOrder: 2
  m_LocalEulerAnglesHint: {x: 0, y: 0, z: 0}
--- !u!1 &7547248786068360158
GameObject:
  m_ObjectHideFlags: 0
  m_CorrespondingSourceObject: {fileID: 0}
  m_PrefabInstance: {fileID: 0}
  m_PrefabAsset: {fileID: 0}
  serializedVersion: 6
  m_Component:
  - component: {fileID: 7547248786068360161}
  m_Layer: 0
  m_Name: pelvis
  m_TagString: Untagged
  m_Icon: {fileID: 0}
  m_NavMeshLayer: 0
  m_StaticEditorFlags: 0
  m_IsActive: 1
--- !u!4 &7547248786068360161
Transform:
  m_ObjectHideFlags: 0
  m_CorrespondingSourceObject: {fileID: 0}
  m_PrefabInstance: {fileID: 0}
  m_PrefabAsset: {fileID: 0}
  m_GameObject: {fileID: 7547248786068360158}
  m_LocalRotation: {x: 0.008026325, y: -0.003292883, z: -0.000015393724, w: 0.9999624}
  m_LocalPosition: {x: 0.0000040978193, y: -0.18561812, z: -0.0029799426}
  m_LocalScale: {x: 1, y: 1, z: 1}
  m_Children:
  - {fileID: 7547248786195796586}
  - {fileID: 7547248785499219011}
  m_Father: {fileID: 7547248785700738552}
  m_RootOrder: 0
  m_LocalEulerAnglesHint: {x: 0, y: 0, z: 0}
--- !u!1 &7547248786179984601
GameObject:
  m_ObjectHideFlags: 0
  m_CorrespondingSourceObject: {fileID: 0}
  m_PrefabInstance: {fileID: 0}
  m_PrefabAsset: {fileID: 0}
  serializedVersion: 6
  m_Component:
  - component: {fileID: 7547248786179984600}
  - component: {fileID: 7547248786179984603}
  m_Layer: 0
  m_Name: target_shoulder_right
  m_TagString: Untagged
  m_Icon: {fileID: 0}
  m_NavMeshLayer: 0
  m_StaticEditorFlags: 0
  m_IsActive: 1
--- !u!4 &7547248786179984600
Transform:
  m_ObjectHideFlags: 0
  m_CorrespondingSourceObject: {fileID: 0}
  m_PrefabInstance: {fileID: 0}
  m_PrefabAsset: {fileID: 0}
  m_GameObject: {fileID: 7547248786179984601}
  m_LocalRotation: {x: -0.4033483, y: -0.5683915, z: 0.5823196, w: -0.41850358}
  m_LocalPosition: {x: 0.04194222, y: 0.11348485, z: 0.03441708}
  m_LocalScale: {x: 1, y: 1, z: 1}
  m_Children: []
  m_Father: {fileID: 7547248786835594936}
  m_RootOrder: 0
  m_LocalEulerAnglesHint: {x: 0, y: 0, z: 0}
--- !u!114 &7547248786179984603
MonoBehaviour:
  m_ObjectHideFlags: 0
  m_CorrespondingSourceObject: {fileID: 0}
  m_PrefabInstance: {fileID: 0}
  m_PrefabAsset: {fileID: 0}
  m_GameObject: {fileID: 7547248786179984601}
  m_Enabled: 1
  m_EditorHideFlags: 0
  m_Script: {fileID: 11500000, guid: 8935e03361a14ec4b8edc872f76bc822, type: 3}
  m_Name: 
  m_EditorClassIdentifier: 
  m_Weight: 1
  m_Data:
    m_ConstrainedObject: {fileID: 7547248786686260683}
    m_SourceObjects:
      m_Length: 1
      m_Item0:
        transform: {fileID: 7547248786179984600}
        weight: 1
      m_Item1:
        transform: {fileID: 0}
        weight: 0
      m_Item2:
        transform: {fileID: 0}
        weight: 0
      m_Item3:
        transform: {fileID: 0}
        weight: 0
      m_Item4:
        transform: {fileID: 0}
        weight: 0
      m_Item5:
        transform: {fileID: 0}
        weight: 0
      m_Item6:
        transform: {fileID: 0}
        weight: 0
      m_Item7:
        transform: {fileID: 0}
        weight: 0
    m_ConstrainedPositionAxes:
      x: 1
      y: 1
      z: 1
    m_ConstrainedRotationAxes:
      x: 1
      y: 1
      z: 1
    m_MaintainPositionOffset: 1
    m_MaintainRotationOffset: 1
  m_SourceObjectsGUIToggle: 1
  m_SettingsGUIToggle: 1
--- !u!1 &7547248786195796587
GameObject:
  m_ObjectHideFlags: 0
  m_CorrespondingSourceObject: {fileID: 0}
  m_PrefabInstance: {fileID: 0}
  m_PrefabAsset: {fileID: 0}
  serializedVersion: 6
  m_Component:
  - component: {fileID: 7547248786195796586}
  - component: {fileID: 7547248786195796589}
  - component: {fileID: 7547248786195796588}
  m_Layer: 0
  m_Name: parent_constraint_pelvis
  m_TagString: Untagged
  m_Icon: {fileID: 0}
  m_NavMeshLayer: 0
  m_StaticEditorFlags: 0
  m_IsActive: 1
--- !u!4 &7547248786195796586
Transform:
  m_ObjectHideFlags: 0
  m_CorrespondingSourceObject: {fileID: 0}
  m_PrefabInstance: {fileID: 0}
  m_PrefabAsset: {fileID: 0}
  m_GameObject: {fileID: 7547248786195796587}
  m_LocalRotation: {x: 0, y: 0, z: 0, w: 1}
  m_LocalPosition: {x: 0, y: 0, z: 0}
  m_LocalScale: {x: 1, y: 1, z: 1}
  m_Children: []
  m_Father: {fileID: 7547248786068360161}
  m_RootOrder: 0
  m_LocalEulerAnglesHint: {x: 0, y: 0, z: 0}
--- !u!114 &7547248786195796589
MonoBehaviour:
  m_ObjectHideFlags: 0
  m_CorrespondingSourceObject: {fileID: 0}
  m_PrefabInstance: {fileID: 0}
  m_PrefabAsset: {fileID: 0}
  m_GameObject: {fileID: 7547248786195796587}
  m_Enabled: 1
  m_EditorHideFlags: 0
  m_Script: {fileID: 11500000, guid: b1577d1bce6e9ec47b4c95dd2d94493a, type: 3}
  m_Name: 
  m_EditorClassIdentifier: 
  m_Weight: 1
  m_Data:
    m_Driver: 1
    m_SourceObjects:
    - {fileID: 7547248786195796586}
    - {fileID: 7547248785499219011}
  m_SourceObjectsGUIToggle: 1
--- !u!114 &7547248786195796588
MonoBehaviour:
  m_ObjectHideFlags: 0
  m_CorrespondingSourceObject: {fileID: 0}
  m_PrefabInstance: {fileID: 0}
  m_PrefabAsset: {fileID: 0}
  m_GameObject: {fileID: 7547248786195796587}
  m_Enabled: 1
  m_EditorHideFlags: 0
  m_Script: {fileID: 11500000, guid: 8935e03361a14ec4b8edc872f76bc822, type: 3}
  m_Name: 
  m_EditorClassIdentifier: 
  m_Weight: 1
  m_Data:
    m_ConstrainedObject: {fileID: 7547248785715269459}
    m_SourceObjects:
      m_Length: 1
      m_Item0:
        transform: {fileID: 7547248786195796586}
        weight: 1
      m_Item1:
        transform: {fileID: 0}
        weight: 0
      m_Item2:
        transform: {fileID: 0}
        weight: 0
      m_Item3:
        transform: {fileID: 0}
        weight: 0
      m_Item4:
        transform: {fileID: 0}
        weight: 0
      m_Item5:
        transform: {fileID: 0}
        weight: 0
      m_Item6:
        transform: {fileID: 0}
        weight: 0
      m_Item7:
        transform: {fileID: 0}
        weight: 0
    m_ConstrainedPositionAxes:
      x: 1
      y: 1
      z: 1
    m_ConstrainedRotationAxes:
      x: 1
      y: 1
      z: 1
    m_MaintainPositionOffset: 0
    m_MaintainRotationOffset: 0
  m_SourceObjectsGUIToggle: 1
  m_SettingsGUIToggle: 0
--- !u!1 &7547248786253608804
GameObject:
  m_ObjectHideFlags: 0
  m_CorrespondingSourceObject: {fileID: 0}
  m_PrefabInstance: {fileID: 0}
  m_PrefabAsset: {fileID: 0}
  serializedVersion: 6
  m_Component:
  - component: {fileID: 7547248786253608807}
  m_Layer: 0
  m_Name: ik_target_arm_left
  m_TagString: Untagged
  m_Icon: {fileID: 0}
  m_NavMeshLayer: 0
  m_StaticEditorFlags: 0
  m_IsActive: 1
--- !u!4 &7547248786253608807
Transform:
  m_ObjectHideFlags: 0
  m_CorrespondingSourceObject: {fileID: 0}
  m_PrefabInstance: {fileID: 0}
  m_PrefabAsset: {fileID: 0}
  m_GameObject: {fileID: 7547248786253608804}
  m_LocalRotation: {x: -0.46940967, y: 0.52579784, z: 0.5007283, w: 0.5024564}
  m_LocalPosition: {x: -0.59525645, y: 1.281361, z: -0.06279194}
  m_LocalScale: {x: 1, y: 1, z: 1}
  m_Children: []
  m_Father: {fileID: 7547248786878895341}
  m_RootOrder: 0
  m_LocalEulerAnglesHint: {x: -88.491005, y: -77.994, z: -18.084002}
--- !u!1 &7547248786256488743
GameObject:
  m_ObjectHideFlags: 0
  m_CorrespondingSourceObject: {fileID: 0}
  m_PrefabInstance: {fileID: 0}
  m_PrefabAsset: {fileID: 0}
  serializedVersion: 6
  m_Component:
  - component: {fileID: 7547248786256488742}
  - component: {fileID: 7547248786256488744}
  - component: {fileID: 7547248786256488745}
  m_Layer: 0
  m_Name: leg_right
  m_TagString: Untagged
  m_Icon: {fileID: 0}
  m_NavMeshLayer: 0
  m_StaticEditorFlags: 0
  m_IsActive: 1
--- !u!4 &7547248786256488742
Transform:
  m_ObjectHideFlags: 0
  m_CorrespondingSourceObject: {fileID: 0}
  m_PrefabInstance: {fileID: 0}
  m_PrefabAsset: {fileID: 0}
  m_GameObject: {fileID: 7547248786256488743}
  m_LocalRotation: {x: 0, y: 0, z: 0, w: 1}
  m_LocalPosition: {x: 0, y: 0, z: 0}
  m_LocalScale: {x: 1, y: 1, z: 1}
  m_Children:
  - {fileID: 7547248786358358836}
  - {fileID: 7547248785688167393}
  - {fileID: 7547248787452334754}
  m_Father: {fileID: 7547248787226795525}
  m_RootOrder: 4
  m_LocalEulerAnglesHint: {x: 0, y: 0, z: 0}
--- !u!114 &7547248786256488744
MonoBehaviour:
  m_ObjectHideFlags: 0
  m_CorrespondingSourceObject: {fileID: 0}
  m_PrefabInstance: {fileID: 0}
  m_PrefabAsset: {fileID: 0}
  m_GameObject: {fileID: 7547248786256488743}
  m_Enabled: 1
  m_EditorHideFlags: 0
  m_Script: {fileID: 11500000, guid: b1577d1bce6e9ec47b4c95dd2d94493a, type: 3}
  m_Name: 
  m_EditorClassIdentifier: 
  m_Weight: 1
  m_Data:
    m_Driver: 0
    m_SourceObjects:
    - {fileID: 7547248786358358836}
    - {fileID: 7547248786713617451}
    - {fileID: 7547248787442118019}
    - {fileID: 7547248786531107834}
  m_SourceObjectsGUIToggle: 1
--- !u!114 &7547248786256488745
MonoBehaviour:
  m_ObjectHideFlags: 0
  m_CorrespondingSourceObject: {fileID: 0}
  m_PrefabInstance: {fileID: 0}
  m_PrefabAsset: {fileID: 0}
  m_GameObject: {fileID: 7547248786256488743}
  m_Enabled: 1
  m_EditorHideFlags: 0
  m_Script: {fileID: 11500000, guid: aeda7bfbf984f2a4da5ab4b8967b115d, type: 3}
  m_Name: 
  m_EditorClassIdentifier: 
  m_Weight: 1
  m_Data:
    m_Root: {fileID: 0}
    m_Mid: {fileID: 0}
    m_Tip: {fileID: 0}
    m_Target: {fileID: 7547248786358358836}
    m_Hint: {fileID: 7547248785688167393}
    m_TargetPositionWeight: 1
    m_TargetRotationWeight: 1
    m_HintWeight: 1
    m_MaintainTargetPositionOffset: 0
    m_MaintainTargetRotationOffset: 0
  m_SourceObjectsGUIToggle: 1
  m_SettingsGUIToggle: 1
--- !u!1 &7547248786358358837
GameObject:
  m_ObjectHideFlags: 0
  m_CorrespondingSourceObject: {fileID: 0}
  m_PrefabInstance: {fileID: 0}
  m_PrefabAsset: {fileID: 0}
  serializedVersion: 6
  m_Component:
  - component: {fileID: 7547248786358358836}
  m_Layer: 0
  m_Name: ik_target_leg_right
  m_TagString: Untagged
  m_Icon: {fileID: 0}
  m_NavMeshLayer: 0
  m_StaticEditorFlags: 0
  m_IsActive: 1
--- !u!4 &7547248786358358836
Transform:
  m_ObjectHideFlags: 0
  m_CorrespondingSourceObject: {fileID: 0}
  m_PrefabInstance: {fileID: 0}
  m_PrefabAsset: {fileID: 0}
  m_GameObject: {fileID: 7547248786358358837}
  m_LocalRotation: {x: -0.028110806, y: 0.53266484, z: 0.8456741, w: 0.01770338}
  m_LocalPosition: {x: 0.079072155, y: 0.083999746, z: -0.012217782}
  m_LocalScale: {x: 1, y: 1, z: 1}
  m_Children: []
  m_Father: {fileID: 7547248786256488742}
  m_RootOrder: 0
  m_LocalEulerAnglesHint: {x: 0, y: 0, z: 0}
--- !u!1 &7547248786372326999
GameObject:
  m_ObjectHideFlags: 0
  m_CorrespondingSourceObject: {fileID: 0}
  m_PrefabInstance: {fileID: 0}
  m_PrefabAsset: {fileID: 0}
  serializedVersion: 6
  m_Component:
  - component: {fileID: 7547248786372326998}
  - component: {fileID: 7547248786372327001}
  m_Layer: 0
  m_Name: override_shoulder_left
  m_TagString: Untagged
  m_Icon: {fileID: 0}
  m_NavMeshLayer: 0
  m_StaticEditorFlags: 0
  m_IsActive: 1
--- !u!4 &7547248786372326998
Transform:
  m_ObjectHideFlags: 0
  m_CorrespondingSourceObject: {fileID: 0}
  m_PrefabInstance: {fileID: 0}
  m_PrefabAsset: {fileID: 0}
  m_GameObject: {fileID: 7547248786372326999}
  m_LocalRotation: {x: 0.4021711, y: -0.5692291, z: 0.58761954, w: 0.411023}
  m_LocalPosition: {x: -0.040804368, y: 0.11291784, z: 0.029812474}
  m_LocalScale: {x: 1, y: 1, z: 1}
  m_Children: []
  m_Father: {fileID: 7547248785483457169}
  m_RootOrder: 1
  m_LocalEulerAnglesHint: {x: 0, y: 0, z: 0}
--- !u!114 &7547248786372327001
MonoBehaviour:
  m_ObjectHideFlags: 0
  m_CorrespondingSourceObject: {fileID: 0}
  m_PrefabInstance: {fileID: 0}
  m_PrefabAsset: {fileID: 0}
  m_GameObject: {fileID: 7547248786372326999}
  m_Enabled: 1
  m_EditorHideFlags: 0
  m_Script: {fileID: 11500000, guid: cf219326d2292de48a0c671da18d402b, type: 3}
  m_Name: 
  m_EditorClassIdentifier: 
  m_Weight: 1
  m_Data:
    m_ConstrainedObject: {fileID: 0}
    m_OverrideSource: {fileID: 7547248786372326998}
    m_OverridePosition: {x: 0, y: 0, z: 0}
    m_OverrideRotation: {x: 0, y: 0, z: 0}
    m_PositionWeight: 1
    m_RotationWeight: 1
    m_Space: 2
  m_SourceObjectsGUIToggle: 1
  m_SettingsGUIToggle: 0
--- !u!1 &7547248786531107835
GameObject:
  m_ObjectHideFlags: 0
  m_CorrespondingSourceObject: {fileID: 0}
  m_PrefabInstance: {fileID: 0}
  m_PrefabAsset: {fileID: 0}
  serializedVersion: 6
  m_Component:
  - component: {fileID: 7547248786531107834}
  m_Layer: 0
  m_Name: pivot_heel
  m_TagString: Untagged
  m_Icon: {fileID: 0}
  m_NavMeshLayer: 0
  m_StaticEditorFlags: 0
  m_IsActive: 1
--- !u!4 &7547248786531107834
Transform:
  m_ObjectHideFlags: 0
  m_CorrespondingSourceObject: {fileID: 0}
  m_PrefabInstance: {fileID: 0}
  m_PrefabAsset: {fileID: 0}
  m_GameObject: {fileID: 7547248786531107835}
  m_LocalRotation: {x: -0.028110806, y: 0.53266484, z: 0.8456741, w: 0.01770338}
  m_LocalPosition: {x: 0.079072155, y: 0.004, z: -0.044}
  m_LocalScale: {x: 1, y: 1, z: 1}
  m_Children: []
  m_Father: {fileID: 7547248787452334754}
  m_RootOrder: 2
  m_LocalEulerAnglesHint: {x: 0, y: 0, z: 0}
--- !u!1 &7547248786682847500
GameObject:
  m_ObjectHideFlags: 0
  m_CorrespondingSourceObject: {fileID: 0}
  m_PrefabInstance: {fileID: 0}
  m_PrefabAsset: {fileID: 0}
  serializedVersion: 6
  m_Component:
  - component: {fileID: 7547248786682847503}
  - component: {fileID: 7547248786682847502}
  m_Layer: 0
  m_Name: target_shoulder_left
  m_TagString: Untagged
  m_Icon: {fileID: 0}
  m_NavMeshLayer: 0
  m_StaticEditorFlags: 0
  m_IsActive: 1
--- !u!4 &7547248786682847503
Transform:
  m_ObjectHideFlags: 0
  m_CorrespondingSourceObject: {fileID: 0}
  m_PrefabInstance: {fileID: 0}
  m_PrefabAsset: {fileID: 0}
  m_GameObject: {fileID: 7547248786682847500}
  m_LocalRotation: {x: 0.40217108, y: -0.5692291, z: 0.5876196, w: 0.41102302}
  m_LocalPosition: {x: -0.040804356, y: 0.11291789, z: 0.029812418}
  m_LocalScale: {x: 1, y: 1, z: 1}
  m_Children: []
  m_Father: {fileID: 7547248786835594936}
  m_RootOrder: 1
  m_LocalEulerAnglesHint: {x: 0, y: 0, z: 0}
--- !u!114 &7547248786682847502
MonoBehaviour:
  m_ObjectHideFlags: 0
  m_CorrespondingSourceObject: {fileID: 0}
  m_PrefabInstance: {fileID: 0}
  m_PrefabAsset: {fileID: 0}
  m_GameObject: {fileID: 7547248786682847500}
  m_Enabled: 1
  m_EditorHideFlags: 0
  m_Script: {fileID: 11500000, guid: 8935e03361a14ec4b8edc872f76bc822, type: 3}
  m_Name: 
  m_EditorClassIdentifier: 
  m_Weight: 1
  m_Data:
    m_ConstrainedObject: {fileID: 7547248786372326998}
    m_SourceObjects:
      m_Length: 1
      m_Item0:
        transform: {fileID: 7547248786682847503}
        weight: 1
      m_Item1:
        transform: {fileID: 0}
        weight: 0
      m_Item2:
        transform: {fileID: 0}
        weight: 0
      m_Item3:
        transform: {fileID: 0}
        weight: 0
      m_Item4:
        transform: {fileID: 0}
        weight: 0
      m_Item5:
        transform: {fileID: 0}
        weight: 0
      m_Item6:
        transform: {fileID: 0}
        weight: 0
      m_Item7:
        transform: {fileID: 0}
        weight: 0
    m_ConstrainedPositionAxes:
      x: 1
      y: 1
      z: 1
    m_ConstrainedRotationAxes:
      x: 1
      y: 1
      z: 1
    m_MaintainPositionOffset: 1
    m_MaintainRotationOffset: 1
  m_SourceObjectsGUIToggle: 1
  m_SettingsGUIToggle: 1
--- !u!1 &7547248786686260680
GameObject:
  m_ObjectHideFlags: 0
  m_CorrespondingSourceObject: {fileID: 0}
  m_PrefabInstance: {fileID: 0}
  m_PrefabAsset: {fileID: 0}
  serializedVersion: 6
  m_Component:
  - component: {fileID: 7547248786686260683}
  - component: {fileID: 7547248786686260682}
  m_Layer: 0
  m_Name: override_shoulder_right
  m_TagString: Untagged
  m_Icon: {fileID: 0}
  m_NavMeshLayer: 0
  m_StaticEditorFlags: 0
  m_IsActive: 1
--- !u!4 &7547248786686260683
Transform:
  m_ObjectHideFlags: 0
  m_CorrespondingSourceObject: {fileID: 0}
  m_PrefabInstance: {fileID: 0}
  m_PrefabAsset: {fileID: 0}
  m_GameObject: {fileID: 7547248786686260680}
  m_LocalRotation: {x: -0.40334836, y: -0.5683915, z: 0.58231956, w: -0.41850355}
  m_LocalPosition: {x: 0.041942235, y: 0.11348488, z: 0.03441705}
  m_LocalScale: {x: 1, y: 1, z: 1}
  m_Children: []
  m_Father: {fileID: 7547248785483457169}
  m_RootOrder: 2
  m_LocalEulerAnglesHint: {x: 0, y: 0, z: 0}
--- !u!114 &7547248786686260682
MonoBehaviour:
  m_ObjectHideFlags: 0
  m_CorrespondingSourceObject: {fileID: 0}
  m_PrefabInstance: {fileID: 0}
  m_PrefabAsset: {fileID: 0}
  m_GameObject: {fileID: 7547248786686260680}
  m_Enabled: 1
  m_EditorHideFlags: 0
  m_Script: {fileID: 11500000, guid: cf219326d2292de48a0c671da18d402b, type: 3}
  m_Name: 
  m_EditorClassIdentifier: 
  m_Weight: 1
  m_Data:
    m_ConstrainedObject: {fileID: 0}
    m_OverrideSource: {fileID: 7547248786686260683}
    m_OverridePosition: {x: 0, y: 0, z: 0}
    m_OverrideRotation: {x: 0, y: 0, z: 0}
    m_PositionWeight: 1
    m_RotationWeight: 1
    m_Space: 2
  m_SourceObjectsGUIToggle: 1
  m_SettingsGUIToggle: 0
--- !u!1 &7547248786693530937
GameObject:
  m_ObjectHideFlags: 0
  m_CorrespondingSourceObject: {fileID: 0}
  m_PrefabInstance: {fileID: 0}
  m_PrefabAsset: {fileID: 0}
  serializedVersion: 6
  m_Component:
  - component: {fileID: 7547248786693530936}
  - component: {fileID: 7547248786693530939}
  m_Layer: 0
  m_Name: override_neck
  m_TagString: Untagged
  m_Icon: {fileID: 0}
  m_NavMeshLayer: 0
  m_StaticEditorFlags: 0
  m_IsActive: 1
--- !u!4 &7547248786693530936
Transform:
  m_ObjectHideFlags: 0
  m_CorrespondingSourceObject: {fileID: 0}
  m_PrefabInstance: {fileID: 0}
  m_PrefabAsset: {fileID: 0}
  m_GameObject: {fileID: 7547248786693530937}
  m_LocalRotation: {x: 0.093290895, y: -0.0037810062, z: 0.0017238201, w: 0.9956303}
  m_LocalPosition: {x: 0, y: 0.18526947, z: 0}
  m_LocalScale: {x: 1, y: 1, z: 1}
  m_Children:
  - {fileID: 7547248785490940371}
  m_Father: {fileID: 7547248785483457169}
  m_RootOrder: 0
  m_LocalEulerAnglesHint: {x: 0, y: 0, z: 0}
--- !u!114 &7547248786693530939
MonoBehaviour:
  m_ObjectHideFlags: 0
  m_CorrespondingSourceObject: {fileID: 0}
  m_PrefabInstance: {fileID: 0}
  m_PrefabAsset: {fileID: 0}
  m_GameObject: {fileID: 7547248786693530937}
  m_Enabled: 1
  m_EditorHideFlags: 0
  m_Script: {fileID: 11500000, guid: cf219326d2292de48a0c671da18d402b, type: 3}
  m_Name: 
  m_EditorClassIdentifier: 
  m_Weight: 1
  m_Data:
    m_ConstrainedObject: {fileID: 0}
    m_OverrideSource: {fileID: 7547248786693530936}
    m_OverridePosition: {x: 0, y: 0, z: 0}
    m_OverrideRotation: {x: 0, y: 0, z: 0}
    m_PositionWeight: 1
    m_RotationWeight: 1
    m_Space: 2
  m_SourceObjectsGUIToggle: 1
  m_SettingsGUIToggle: 1
--- !u!1 &7547248786713617448
GameObject:
  m_ObjectHideFlags: 0
  m_CorrespondingSourceObject: {fileID: 0}
  m_PrefabInstance: {fileID: 0}
  m_PrefabAsset: {fileID: 0}
  serializedVersion: 6
  m_Component:
  - component: {fileID: 7547248786713617451}
  m_Layer: 0
  m_Name: pivot_toe
  m_TagString: Untagged
  m_Icon: {fileID: 0}
  m_NavMeshLayer: 0
  m_StaticEditorFlags: 0
  m_IsActive: 1
--- !u!4 &7547248786713617451
Transform:
  m_ObjectHideFlags: 0
  m_CorrespondingSourceObject: {fileID: 0}
  m_PrefabInstance: {fileID: 0}
  m_PrefabAsset: {fileID: 0}
  m_GameObject: {fileID: 7547248786713617448}
  m_LocalRotation: {x: -0.028110806, y: 0.53266484, z: 0.8456741, w: 0.01770338}
  m_LocalPosition: {x: 0.079072155, y: 0.002, z: 0.17}
  m_LocalScale: {x: 1, y: 1, z: 1}
  m_Children: []
  m_Father: {fileID: 7547248787452334754}
  m_RootOrder: 0
  m_LocalEulerAnglesHint: {x: 0, y: 0, z: 0}
--- !u!1 &7547248786814100154
GameObject:
  m_ObjectHideFlags: 0
  m_CorrespondingSourceObject: {fileID: 0}
  m_PrefabInstance: {fileID: 0}
  m_PrefabAsset: {fileID: 0}
  serializedVersion: 6
  m_Component:
  - component: {fileID: 7547248786814100157}
  m_Layer: 0
  m_Name: ik_hint_arm_right
  m_TagString: Untagged
  m_Icon: {fileID: 0}
  m_NavMeshLayer: 0
  m_StaticEditorFlags: 0
  m_IsActive: 1
--- !u!4 &7547248786814100157
Transform:
  m_ObjectHideFlags: 0
  m_CorrespondingSourceObject: {fileID: 0}
  m_PrefabInstance: {fileID: 0}
  m_PrefabAsset: {fileID: 0}
  m_GameObject: {fileID: 7547248786814100154}
  m_LocalRotation: {x: 0.52169967, y: 0.4773137, z: -0.5018827, w: 0.49811128}
  m_LocalPosition: {x: 0.385, y: 1.199, z: -0.292}
  m_LocalScale: {x: 1, y: 1, z: 1}
  m_Children: []
  m_Father: {fileID: 7547248786837240180}
  m_RootOrder: 1
  m_LocalEulerAnglesHint: {x: 0, y: 0, z: 0}
--- !u!1 &7547248786835594937
GameObject:
  m_ObjectHideFlags: 0
  m_CorrespondingSourceObject: {fileID: 0}
  m_PrefabInstance: {fileID: 0}
  m_PrefabAsset: {fileID: 0}
  serializedVersion: 6
  m_Component:
  - component: {fileID: 7547248786835594936}
  - component: {fileID: 7547248786835594939}
  m_Layer: 0
  m_Name: target_upper_chest
  m_TagString: Untagged
  m_Icon: {fileID: 0}
  m_NavMeshLayer: 0
  m_StaticEditorFlags: 0
  m_IsActive: 1
--- !u!4 &7547248786835594936
Transform:
  m_ObjectHideFlags: 0
  m_CorrespondingSourceObject: {fileID: 0}
  m_PrefabInstance: {fileID: 0}
  m_PrefabAsset: {fileID: 0}
  m_GameObject: {fileID: 7547248786835594937}
  m_LocalRotation: {x: 0.055715214, y: -0.0032962896, z: -0.00010734529, w: 0.9984413}
  m_LocalPosition: {x: -1.7462298e-10, y: 0.18587159, z: 0.00000010244548}
  m_LocalScale: {x: 1, y: 1, z: 1}
  m_Children:
  - {fileID: 7547248786179984600}
  - {fileID: 7547248786682847503}
  m_Father: {fileID: 7547248785464767735}
  m_RootOrder: 1
  m_LocalEulerAnglesHint: {x: 0, y: 0, z: 0}
--- !u!114 &7547248786835594939
MonoBehaviour:
  m_ObjectHideFlags: 0
  m_CorrespondingSourceObject: {fileID: 0}
  m_PrefabInstance: {fileID: 0}
  m_PrefabAsset: {fileID: 0}
  m_GameObject: {fileID: 7547248786835594937}
  m_Enabled: 1
  m_EditorHideFlags: 0
  m_Script: {fileID: 11500000, guid: 48948dfe9d76b07488dacd46a7955fa1, type: 3}
  m_Name: 
  m_EditorClassIdentifier: 
--- !u!1 &7547248786837240181
GameObject:
  m_ObjectHideFlags: 0
  m_CorrespondingSourceObject: {fileID: 0}
  m_PrefabInstance: {fileID: 0}
  m_PrefabAsset: {fileID: 0}
  serializedVersion: 6
  m_Component:
  - component: {fileID: 7547248786837240180}
  - component: {fileID: 7547248786837240183}
  m_Layer: 0
  m_Name: arm_right
  m_TagString: Untagged
  m_Icon: {fileID: 0}
  m_NavMeshLayer: 0
  m_StaticEditorFlags: 0
  m_IsActive: 1
--- !u!4 &7547248786837240180
Transform:
  m_ObjectHideFlags: 0
  m_CorrespondingSourceObject: {fileID: 0}
  m_PrefabInstance: {fileID: 0}
  m_PrefabAsset: {fileID: 0}
  m_GameObject: {fileID: 7547248786837240181}
  m_LocalRotation: {x: 0, y: 0, z: 0, w: 1}
  m_LocalPosition: {x: 0, y: 0, z: 0}
  m_LocalScale: {x: 1, y: 1, z: 1}
  m_Children:
  - {fileID: 7547248787182861279}
  - {fileID: 7547248786814100157}
  m_Father: {fileID: 7547248787226795525}
  m_RootOrder: 2
  m_LocalEulerAnglesHint: {x: 0, y: 0, z: 0}
--- !u!114 &7547248786837240183
MonoBehaviour:
  m_ObjectHideFlags: 0
  m_CorrespondingSourceObject: {fileID: 0}
  m_PrefabInstance: {fileID: 0}
  m_PrefabAsset: {fileID: 0}
  m_GameObject: {fileID: 7547248786837240181}
  m_Enabled: 1
  m_EditorHideFlags: 0
  m_Script: {fileID: 11500000, guid: aeda7bfbf984f2a4da5ab4b8967b115d, type: 3}
  m_Name: 
  m_EditorClassIdentifier: 
  m_Weight: 1
  m_Data:
    m_Root: {fileID: 0}
    m_Mid: {fileID: 0}
    m_Tip: {fileID: 0}
    m_Target: {fileID: 7547248787182861279}
    m_Hint: {fileID: 7547248786814100157}
    m_TargetPositionWeight: 1
    m_TargetRotationWeight: 1
    m_HintWeight: 1
    m_MaintainTargetPositionOffset: 0
    m_MaintainTargetRotationOffset: 0
  m_SourceObjectsGUIToggle: 1
  m_SettingsGUIToggle: 1
--- !u!1 &7547248786878895338
GameObject:
  m_ObjectHideFlags: 0
  m_CorrespondingSourceObject: {fileID: 0}
  m_PrefabInstance: {fileID: 0}
  m_PrefabAsset: {fileID: 0}
  serializedVersion: 6
  m_Component:
  - component: {fileID: 7547248786878895341}
  - component: {fileID: 7547248786878895340}
  m_Layer: 0
  m_Name: arm_left
  m_TagString: Untagged
  m_Icon: {fileID: 0}
  m_NavMeshLayer: 0
  m_StaticEditorFlags: 0
  m_IsActive: 1
--- !u!4 &7547248786878895341
Transform:
  m_ObjectHideFlags: 0
  m_CorrespondingSourceObject: {fileID: 0}
  m_PrefabInstance: {fileID: 0}
  m_PrefabAsset: {fileID: 0}
  m_GameObject: {fileID: 7547248786878895338}
  m_LocalRotation: {x: 0, y: 0, z: 0, w: 1}
  m_LocalPosition: {x: 0, y: 0, z: 0}
  m_LocalScale: {x: 1, y: 1, z: 1}
  m_Children:
  - {fileID: 7547248786253608807}
  - {fileID: 7547248786985801168}
  m_Father: {fileID: 7547248787226795525}
  m_RootOrder: 1
  m_LocalEulerAnglesHint: {x: 0, y: 0, z: 0}
--- !u!114 &7547248786878895340
MonoBehaviour:
  m_ObjectHideFlags: 0
  m_CorrespondingSourceObject: {fileID: 0}
  m_PrefabInstance: {fileID: 0}
  m_PrefabAsset: {fileID: 0}
  m_GameObject: {fileID: 7547248786878895338}
  m_Enabled: 1
  m_EditorHideFlags: 0
  m_Script: {fileID: 11500000, guid: aeda7bfbf984f2a4da5ab4b8967b115d, type: 3}
  m_Name: 
  m_EditorClassIdentifier: 
  m_Weight: 1
  m_Data:
    m_Root: {fileID: 0}
    m_Mid: {fileID: 0}
    m_Tip: {fileID: 0}
    m_Target: {fileID: 7547248786253608807}
    m_Hint: {fileID: 7547248786985801168}
    m_TargetPositionWeight: 1
    m_TargetRotationWeight: 1
    m_HintWeight: 1
    m_MaintainTargetPositionOffset: 0
    m_MaintainTargetRotationOffset: 0
  m_SourceObjectsGUIToggle: 1
  m_SettingsGUIToggle: 1
--- !u!1 &7547248786915923651
GameObject:
  m_ObjectHideFlags: 0
  m_CorrespondingSourceObject: {fileID: 0}
  m_PrefabInstance: {fileID: 0}
  m_PrefabAsset: {fileID: 0}
  serializedVersion: 6
  m_Component:
  - component: {fileID: 7547248786915923650}
  m_Layer: 0
  m_Name: pivot_toe
  m_TagString: Untagged
  m_Icon: {fileID: 0}
  m_NavMeshLayer: 0
  m_StaticEditorFlags: 0
  m_IsActive: 1
--- !u!4 &7547248786915923650
Transform:
  m_ObjectHideFlags: 0
  m_CorrespondingSourceObject: {fileID: 0}
  m_PrefabInstance: {fileID: 0}
  m_PrefabAsset: {fileID: 0}
  m_GameObject: {fileID: 7547248786915923651}
  m_LocalRotation: {x: 0.7790145, y: -0.018128362, z: 0.022558825, w: 0.62633765}
  m_LocalPosition: {x: -0.1054, y: 0.002, z: 0.1691}
  m_LocalScale: {x: 1, y: 1, z: 1}
  m_Children: []
  m_Father: {fileID: 7547248787287047147}
  m_RootOrder: 0
  m_LocalEulerAnglesHint: {x: 0, y: 0, z: 0}
--- !u!1 &7547248786985801169
GameObject:
  m_ObjectHideFlags: 0
  m_CorrespondingSourceObject: {fileID: 0}
  m_PrefabInstance: {fileID: 0}
  m_PrefabAsset: {fileID: 0}
  serializedVersion: 6
  m_Component:
  - component: {fileID: 7547248786985801168}
  m_Layer: 0
  m_Name: ik_hint_arm_left
  m_TagString: Untagged
  m_Icon: {fileID: 0}
  m_NavMeshLayer: 0
  m_StaticEditorFlags: 0
  m_IsActive: 1
--- !u!4 &7547248786985801168
Transform:
  m_ObjectHideFlags: 0
  m_CorrespondingSourceObject: {fileID: 0}
  m_PrefabInstance: {fileID: 0}
  m_PrefabAsset: {fileID: 0}
  m_GameObject: {fileID: 7547248786985801169}
  m_LocalRotation: {x: 0.4976659, y: -0.50232315, z: 0.5066861, w: 0.4932235}
  m_LocalPosition: {x: -0.376, y: 1.199, z: -0.292}
  m_LocalScale: {x: 1, y: 1, z: 1}
  m_Children: []
  m_Father: {fileID: 7547248786878895341}
  m_RootOrder: 1
  m_LocalEulerAnglesHint: {x: 0, y: 0, z: 0}
--- !u!1 &7547248787007419116
GameObject:
  m_ObjectHideFlags: 0
  m_CorrespondingSourceObject: {fileID: 0}
  m_PrefabInstance: {fileID: 0}
  m_PrefabAsset: {fileID: 0}
  serializedVersion: 6
  m_Component:
  - component: {fileID: 7547248787007419119}
  - component: {fileID: 7547248787007419118}
  m_Layer: 0
  m_Name: neck
  m_TagString: Untagged
  m_Icon: {fileID: 0}
  m_NavMeshLayer: 0
  m_StaticEditorFlags: 0
  m_IsActive: 1
--- !u!4 &7547248787007419119
Transform:
  m_ObjectHideFlags: 0
  m_CorrespondingSourceObject: {fileID: 0}
  m_PrefabInstance: {fileID: 0}
  m_PrefabAsset: {fileID: 0}
  m_GameObject: {fileID: 7547248787007419116}
  m_LocalRotation: {x: -0.000000007450581, y: -0, z: -3.965397e-10, w: 1}
  m_LocalPosition: {x: 0, y: 0, z: 0}
  m_LocalScale: {x: 1, y: 1, z: 1}
  m_Children:
  - {fileID: 7547248785944224303}
  m_Father: {fileID: 7547248785700738552}
  m_RootOrder: 2
  m_LocalEulerAnglesHint: {x: 0, y: 0, z: 0}
--- !u!114 &7547248787007419118
MonoBehaviour:
  m_ObjectHideFlags: 0
  m_CorrespondingSourceObject: {fileID: 0}
  m_PrefabInstance: {fileID: 0}
  m_PrefabAsset: {fileID: 0}
  m_GameObject: {fileID: 7547248787007419116}
  m_Enabled: 1
  m_EditorHideFlags: 0
  m_Script: {fileID: 11500000, guid: 0ac0c81bcb0dd554694d4b9be94846cb, type: 3}
  m_Name: 
  m_EditorClassIdentifier: 
  m_Weight: 1
  m_Data:
    root: {fileID: 7547248785483457169}
    tip: {fileID: 7547248785490940371}
    rootTarget: {fileID: 7547248786835594936}
    tipTarget: {fileID: 7547248785944224303}
    curve:
      serializedVersion: 2
      m_Curve:
      - serializedVersion: 3
        time: 0
        value: 0
        inSlope: 0
        outSlope: 1
        tangentMode: 0
        weightedMode: 0
        inWeight: 0
        outWeight: 0
      - serializedVersion: 3
        time: 1
        value: 1
        inSlope: 1
        outSlope: 0
        tangentMode: 0
        weightedMode: 0
        inWeight: 0
        outWeight: 0
      m_PreInfinity: 2
      m_PostInfinity: 2
      m_RotationOrder: 4
--- !u!1 &7547248787031720185
GameObject:
  m_ObjectHideFlags: 0
  m_CorrespondingSourceObject: {fileID: 0}
  m_PrefabInstance: {fileID: 0}
  m_PrefabAsset: {fileID: 0}
  serializedVersion: 6
  m_Component:
  - component: {fileID: 7547248787031720184}
  m_Layer: 0
  m_Name: spine
  m_TagString: Untagged
  m_Icon: {fileID: 0}
  m_NavMeshLayer: 0
  m_StaticEditorFlags: 0
  m_IsActive: 1
--- !u!4 &7547248787031720184
Transform:
  m_ObjectHideFlags: 0
  m_CorrespondingSourceObject: {fileID: 0}
  m_PrefabInstance: {fileID: 0}
  m_PrefabAsset: {fileID: 0}
  m_GameObject: {fileID: 7547248787031720185}
  m_LocalRotation: {x: 0, y: 0, z: 0, w: 1}
  m_LocalPosition: {x: 0, y: 0, z: 0}
  m_LocalScale: {x: 1, y: 1, z: 1}
  m_Children:
  - {fileID: 7547248785700738552}
  - {fileID: 7547248787045833529}
  m_Father: {fileID: 7547248787226795525}
  m_RootOrder: 0
  m_LocalEulerAnglesHint: {x: 0, y: 0, z: 0}
--- !u!1 &7547248787045833526
GameObject:
  m_ObjectHideFlags: 0
  m_CorrespondingSourceObject: {fileID: 0}
  m_PrefabInstance: {fileID: 0}
  m_PrefabAsset: {fileID: 0}
  serializedVersion: 6
  m_Component:
  - component: {fileID: 7547248787045833529}
  - component: {fileID: 7547248787045833528}
  m_Layer: 0
  m_Name: override_bones
  m_TagString: Untagged
  m_Icon: {fileID: 0}
  m_NavMeshLayer: 0
  m_StaticEditorFlags: 0
  m_IsActive: 1
--- !u!4 &7547248787045833529
Transform:
  m_ObjectHideFlags: 0
  m_CorrespondingSourceObject: {fileID: 0}
  m_PrefabInstance: {fileID: 0}
  m_PrefabAsset: {fileID: 0}
  m_GameObject: {fileID: 7547248787045833526}
  m_LocalRotation: {x: 0, y: 0, z: 0, w: 1}
  m_LocalPosition: {x: 0, y: 0, z: 0}
  m_LocalScale: {x: 1, y: 1, z: 1}
  m_Children:
  - {fileID: 7547248785715269459}
  m_Father: {fileID: 7547248787031720184}
  m_RootOrder: 1
  m_LocalEulerAnglesHint: {x: 0, y: 0, z: 0}
--- !u!114 &7547248787045833528
MonoBehaviour:
  m_ObjectHideFlags: 0
  m_CorrespondingSourceObject: {fileID: 0}
  m_PrefabInstance: {fileID: 0}
  m_PrefabAsset: {fileID: 0}
  m_GameObject: {fileID: 7547248787045833526}
  m_Enabled: 1
  m_EditorHideFlags: 0
  m_Script: {fileID: 11500000, guid: b2d8418b0b9634b1892b0268dd9c2743, type: 3}
  m_Name: 
  m_EditorClassIdentifier: 
  boneShape: 1
  drawBones: 1
  drawTripods: 0
  boneSize: 1
  tripodSize: 1
  boneColor: {r: 1, g: 0.7411765, b: 0.48235294, a: 0.2509804}
  m_Transforms:
  - {fileID: 7547248785715269459}
  - {fileID: 7547248785799089016}
  - {fileID: 7547248785736194079}
  - {fileID: 7547248785483457169}
  - {fileID: 7547248786693530936}
  - {fileID: 7547248785490940371}
  - {fileID: 7547248786686260683}
  - {fileID: 7547248786372326998}
--- !u!1 &7547248787182861276
GameObject:
  m_ObjectHideFlags: 0
  m_CorrespondingSourceObject: {fileID: 0}
  m_PrefabInstance: {fileID: 0}
  m_PrefabAsset: {fileID: 0}
  serializedVersion: 6
  m_Component:
  - component: {fileID: 7547248787182861279}
  m_Layer: 0
  m_Name: ik_target_arm_right
  m_TagString: Untagged
  m_Icon: {fileID: 0}
  m_NavMeshLayer: 0
  m_StaticEditorFlags: 0
  m_IsActive: 1
--- !u!4 &7547248787182861279
Transform:
  m_ObjectHideFlags: 0
  m_CorrespondingSourceObject: {fileID: 0}
  m_PrefabInstance: {fileID: 0}
  m_PrefabAsset: {fileID: 0}
  m_GameObject: {fileID: 7547248787182861276}
  m_LocalRotation: {x: -0.4646781, y: -0.53041047, z: -0.52111167, w: 0.48081353}
  m_LocalPosition: {x: 0.58349097, y: 1.2642473, z: -0.03282821}
  m_LocalScale: {x: 1, y: 1, z: 1}
  m_Children: []
  m_Father: {fileID: 7547248786837240180}
  m_RootOrder: 0
  m_LocalEulerAnglesHint: {x: -88.491005, y: -77.994, z: -18.084002}
--- !u!1 &7547248787226795522
GameObject:
  m_ObjectHideFlags: 0
  m_CorrespondingSourceObject: {fileID: 0}
  m_PrefabInstance: {fileID: 0}
  m_PrefabAsset: {fileID: 0}
  serializedVersion: 6
  m_Component:
  - component: {fileID: 7547248787226795525}
  - component: {fileID: 7547248787226795524}
  m_Layer: 0
  m_Name: animation_rig_control
  m_TagString: Untagged
  m_Icon: {fileID: 0}
  m_NavMeshLayer: 0
  m_StaticEditorFlags: 0
  m_IsActive: 1
--- !u!4 &7547248787226795525
Transform:
  m_ObjectHideFlags: 0
  m_CorrespondingSourceObject: {fileID: 0}
  m_PrefabInstance: {fileID: 0}
  m_PrefabAsset: {fileID: 0}
  m_GameObject: {fileID: 7547248787226795522}
  m_LocalRotation: {x: 0, y: 0, z: 0, w: 1}
  m_LocalPosition: {x: 0, y: 0, z: 0}
  m_LocalScale: {x: 1, y: 1, z: 1}
  m_Children:
  - {fileID: 7547248787031720184}
  - {fileID: 7547248786878895341}
  - {fileID: 7547248786837240180}
  - {fileID: 7547248785420834662}
  - {fileID: 7547248786256488742}
  m_Father: {fileID: 0}
  m_RootOrder: 0
  m_LocalEulerAnglesHint: {x: 0, y: 0, z: 0}
--- !u!114 &7547248787226795524
MonoBehaviour:
  m_ObjectHideFlags: 0
  m_CorrespondingSourceObject: {fileID: 0}
  m_PrefabInstance: {fileID: 0}
  m_PrefabAsset: {fileID: 0}
  m_GameObject: {fileID: 7547248787226795522}
  m_Enabled: 1
  m_EditorHideFlags: 0
  m_Script: {fileID: 11500000, guid: 70b342d8ce5c2fd48b8fa3147d48d1d1, type: 3}
  m_Name: 
  m_EditorClassIdentifier: 
  m_Weight: 1
  m_Effectors:
  - m_Transform: {fileID: 7547248787182861279}
    m_Style:
      shape: {fileID: 4300000, guid: 687b70eb9c49243639f9379f6965034f, type: 2}
      color: {r: 1, g: 0, b: 0, a: 0.5}
      size: 0.1
      position: {x: 0, y: 0, z: 0}
      rotation: {x: 0, y: 0, z: 0}
    m_Visible: 1
  - m_Transform: {fileID: 7547248786814100157}
    m_Style:
      shape: {fileID: 4300000, guid: e050c2b16fe384bd994474655a4b4968, type: 2}
      color: {r: 1, g: 0, b: 0, a: 0.5}
      size: 0.1
      position: {x: 0, y: 0, z: 0}
      rotation: {x: 0, y: 0, z: 0}
    m_Visible: 1
  - m_Transform: {fileID: 7547248786253608807}
    m_Style:
      shape: {fileID: 4300000, guid: 687b70eb9c49243639f9379f6965034f, type: 2}
      color: {r: 0, g: 1, b: 0, a: 0.5}
      size: 0.1
      position: {x: 0, y: 0, z: 0}
      rotation: {x: 0, y: 0, z: 0}
    m_Visible: 1
  - m_Transform: {fileID: 7547248786985801168}
    m_Style:
      shape: {fileID: 4300000, guid: e050c2b16fe384bd994474655a4b4968, type: 2}
      color: {r: 0, g: 1, b: 0, a: 0.5}
      size: 0.1
      position: {x: 0, y: 0, z: 0}
      rotation: {x: 0, y: 0, z: 0}
    m_Visible: 1
  - m_Transform: {fileID: 7547248785752814962}
    m_Style:
      shape: {fileID: 4300000, guid: 687b70eb9c49243639f9379f6965034f, type: 2}
      color: {r: 0, g: 1, b: 0, a: 0.5}
      size: 0.1
      position: {x: 0, y: 0, z: 0}
      rotation: {x: 0, y: 0, z: 0}
    m_Visible: 1
  - m_Transform: {fileID: 7547248787350953577}
    m_Style:
      shape: {fileID: 4300000, guid: e050c2b16fe384bd994474655a4b4968, type: 2}
      color: {r: 0, g: 1, b: 0, a: 0.5}
      size: 0.1
      position: {x: 0, y: 0, z: 0}
      rotation: {x: 0, y: 0, z: 0}
    m_Visible: 1
  - m_Transform: {fileID: 7547248785570462607}
    m_Style:
      shape: {fileID: 4300000, guid: e050c2b16fe384bd994474655a4b4968, type: 2}
      color: {r: 0, g: 1, b: 0, a: 0.5}
      size: 0.02
      position: {x: 0, y: 0, z: 0}
      rotation: {x: 0, y: 0, z: 0}
    m_Visible: 1
  - m_Transform: {fileID: 7547248786915923650}
    m_Style:
      shape: {fileID: 4300000, guid: e050c2b16fe384bd994474655a4b4968, type: 2}
      color: {r: 0, g: 1, b: 0, a: 0.5}
      size: 0.02
      position: {x: 0, y: 0, z: 0}
      rotation: {x: 0, y: 0, z: 0}
    m_Visible: 1
  - m_Transform: {fileID: 7547248785969362134}
    m_Style:
      shape: {fileID: 4300000, guid: e050c2b16fe384bd994474655a4b4968, type: 2}
      color: {r: 0, g: 1, b: 0, a: 0.5}
      size: 0.02
      position: {x: 0, y: 0, z: 0}
      rotation: {x: 0, y: 0, z: 0}
    m_Visible: 1
  - m_Transform: {fileID: 7547248786358358836}
    m_Style:
      shape: {fileID: 4300000, guid: 687b70eb9c49243639f9379f6965034f, type: 2}
      color: {r: 1, g: 0, b: 0, a: 0.5}
      size: 0.1
      position: {x: 0, y: 0, z: 0}
      rotation: {x: 0, y: 0, z: 0}
    m_Visible: 1
  - m_Transform: {fileID: 7547248785688167393}
    m_Style:
      shape: {fileID: 4300000, guid: e050c2b16fe384bd994474655a4b4968, type: 2}
      color: {r: 1, g: 0, b: 0, a: 0.5}
      size: 0.1
      position: {x: 0, y: 0, z: 0}
      rotation: {x: 0, y: 0, z: 0}
    m_Visible: 1
  - m_Transform: {fileID: 7547248786713617451}
    m_Style:
      shape: {fileID: 4300000, guid: e050c2b16fe384bd994474655a4b4968, type: 2}
      color: {r: 1, g: 0, b: 0, a: 0.5}
      size: 0.02
      position: {x: 0, y: 0, z: 0}
      rotation: {x: 0, y: 0, z: 0}
    m_Visible: 1
  - m_Transform: {fileID: 7547248787442118019}
    m_Style:
      shape: {fileID: 4300000, guid: e050c2b16fe384bd994474655a4b4968, type: 2}
      color: {r: 1, g: 0, b: 0, a: 0.5}
      size: 0.02
      position: {x: 0, y: 0, z: 0}
      rotation: {x: 0, y: 0, z: 0}
    m_Visible: 1
  - m_Transform: {fileID: 7547248786531107834}
    m_Style:
      shape: {fileID: 4300000, guid: e050c2b16fe384bd994474655a4b4968, type: 2}
      color: {r: 1, g: 0, b: 0, a: 0.5}
      size: 0.02
      position: {x: 0, y: 0, z: 0}
      rotation: {x: 0, y: 0, z: 0}
    m_Visible: 1
  - m_Transform: {fileID: 7547248785499219011}
    m_Style:
      shape: {fileID: 4300000, guid: 687b70eb9c49243639f9379f6965034f, type: 2}
      color: {r: 0, g: 0, b: 1, a: 0.5019608}
      size: 0.1
      position: {x: 0, y: 0, z: 0}
      rotation: {x: 0, y: 0, z: 0}
    m_Visible: 1
  - m_Transform: {fileID: 7547248787279469165}
    m_Style:
      shape: {fileID: 4300000, guid: 687b70eb9c49243639f9379f6965034f, type: 2}
      color: {r: 0, g: 0, b: 1, a: 0.5019608}
      size: 0.1
      position: {x: 0, y: 0, z: 0}
      rotation: {x: 0, y: 0, z: 0}
    m_Visible: 1
  - m_Transform: {fileID: 7547248786835594936}
    m_Style:
      shape: {fileID: 4300000, guid: 687b70eb9c49243639f9379f6965034f, type: 2}
      color: {r: 0, g: 0, b: 1, a: 0.5019608}
      size: 0.1
      position: {x: 0, y: 0, z: 0}
      rotation: {x: 0, y: 0, z: 0}
    m_Visible: 1
  - m_Transform: {fileID: 7547248785944224303}
    m_Style:
      shape: {fileID: 4300000, guid: 687b70eb9c49243639f9379f6965034f, type: 2}
      color: {r: 0, g: 0, b: 1, a: 0.5019608}
      size: 0.1
      position: {x: 0, y: 0, z: 0}
      rotation: {x: 0, y: 0, z: 0}
    m_Visible: 1
  - m_Transform: {fileID: 7547248785700738552}
    m_Style:
      shape: {fileID: 4300000, guid: b43e6ef97ee1b4e31be1a0187b9f4495, type: 2}
      color: {r: 0, g: 0, b: 1, a: 0.5}
      size: 0.56
      position: {x: 0, y: 0, z: 0}
      rotation: {x: 0, y: 0, z: 0}
    m_Visible: 1
  - m_Transform: {fileID: 7547248786179984600}
    m_Style:
      shape: {fileID: 4300000, guid: 687b70eb9c49243639f9379f6965034f, type: 2}
      color: {r: 1, g: 0, b: 0, a: 0.5}
      size: 0.025
      position: {x: 0, y: 0, z: 0}
      rotation: {x: 0, y: 0, z: 0}
    m_Visible: 1
  - m_Transform: {fileID: 7547248786682847503}
    m_Style:
      shape: {fileID: 4300000, guid: 687b70eb9c49243639f9379f6965034f, type: 2}
      color: {r: 0, g: 1, b: 0, a: 0.5}
      size: 0.025
      position: {x: 0, y: 0, z: 0}
      rotation: {x: 0, y: 0, z: 0}
    m_Visible: 1
--- !u!1 &7547248787279469162
GameObject:
  m_ObjectHideFlags: 0
  m_CorrespondingSourceObject: {fileID: 0}
  m_PrefabInstance: {fileID: 0}
  m_PrefabAsset: {fileID: 0}
  serializedVersion: 6
  m_Component:
  - component: {fileID: 7547248787279469165}
  m_Layer: 0
  m_Name: target_spine
  m_TagString: Untagged
  m_Icon: {fileID: 0}
  m_NavMeshLayer: 0
  m_StaticEditorFlags: 0
  m_IsActive: 1
--- !u!4 &7547248787279469165
Transform:
  m_ObjectHideFlags: 0
  m_CorrespondingSourceObject: {fileID: 0}
  m_PrefabInstance: {fileID: 0}
  m_PrefabAsset: {fileID: 0}
  m_GameObject: {fileID: 7547248787279469162}
  m_LocalRotation: {x: 0.0000000037252903, y: -0, z: 3.0195224e-10, w: 1}
  m_LocalPosition: {x: 0, y: 0, z: 0}
  m_LocalScale: {x: 1, y: 1, z: 1}
  m_Children: []
  m_Father: {fileID: 7547248785464767735}
  m_RootOrder: 0
  m_LocalEulerAnglesHint: {x: 0, y: 0, z: 0}
--- !u!1 &7547248787287047144
GameObject:
  m_ObjectHideFlags: 0
  m_CorrespondingSourceObject: {fileID: 0}
  m_PrefabInstance: {fileID: 0}
  m_PrefabAsset: {fileID: 0}
  serializedVersion: 6
  m_Component:
  - component: {fileID: 7547248787287047147}
  m_Layer: 0
  m_Name: remote_pivots_leg_left
  m_TagString: Untagged
  m_Icon: {fileID: 0}
  m_NavMeshLayer: 0
  m_StaticEditorFlags: 0
  m_IsActive: 1
--- !u!4 &7547248787287047147
Transform:
  m_ObjectHideFlags: 0
  m_CorrespondingSourceObject: {fileID: 0}
  m_PrefabInstance: {fileID: 0}
  m_PrefabAsset: {fileID: 0}
  m_GameObject: {fileID: 7547248787287047144}
  m_LocalRotation: {x: 0, y: 0, z: 0, w: 1}
  m_LocalPosition: {x: 0, y: 0, z: 0}
  m_LocalScale: {x: 1, y: 1, z: 1}
  m_Children:
  - {fileID: 7547248786915923650}
  - {fileID: 7547248785570462607}
  - {fileID: 7547248785969362134}
  m_Father: {fileID: 7547248785420834662}
  m_RootOrder: 2
  m_LocalEulerAnglesHint: {x: 0, y: 0, z: 0}
--- !u!1 &7547248787350953574
GameObject:
  m_ObjectHideFlags: 0
  m_CorrespondingSourceObject: {fileID: 0}
  m_PrefabInstance: {fileID: 0}
  m_PrefabAsset: {fileID: 0}
  serializedVersion: 6
  m_Component:
  - component: {fileID: 7547248787350953577}
  m_Layer: 0
  m_Name: ik_hint_leg_left
  m_TagString: Untagged
  m_Icon: {fileID: 0}
  m_NavMeshLayer: 0
  m_StaticEditorFlags: 0
  m_IsActive: 1
--- !u!4 &7547248787350953577
Transform:
  m_ObjectHideFlags: 0
  m_CorrespondingSourceObject: {fileID: 0}
  m_PrefabInstance: {fileID: 0}
  m_PrefabAsset: {fileID: 0}
  m_GameObject: {fileID: 7547248787350953574}
  m_LocalRotation: {x: -0.5830344, y: -0.04655668, z: 0.80911636, w: 0.056869388}
  m_LocalPosition: {x: -0.081, y: 0.443, z: 0.286}
  m_LocalScale: {x: 1, y: 1, z: 1}
  m_Children: []
  m_Father: {fileID: 7547248785420834662}
  m_RootOrder: 1
  m_LocalEulerAnglesHint: {x: 0, y: 0, z: 0}
--- !u!1 &7547248787442118016
GameObject:
  m_ObjectHideFlags: 0
  m_CorrespondingSourceObject: {fileID: 0}
  m_PrefabInstance: {fileID: 0}
  m_PrefabAsset: {fileID: 0}
  serializedVersion: 6
  m_Component:
  - component: {fileID: 7547248787442118019}
  m_Layer: 0
  m_Name: pivot_ball
  m_TagString: Untagged
  m_Icon: {fileID: 0}
  m_NavMeshLayer: 0
  m_StaticEditorFlags: 0
  m_IsActive: 1
--- !u!4 &7547248787442118019
Transform:
  m_ObjectHideFlags: 0
  m_CorrespondingSourceObject: {fileID: 0}
  m_PrefabInstance: {fileID: 0}
  m_PrefabAsset: {fileID: 0}
  m_GameObject: {fileID: 7547248787442118016}
  m_LocalRotation: {x: -0.028110806, y: 0.53266484, z: 0.8456741, w: 0.01770338}
  m_LocalPosition: {x: 0.079072155, y: -0.001, z: 0.125}
  m_LocalScale: {x: 1, y: 1, z: 1}
  m_Children: []
  m_Father: {fileID: 7547248787452334754}
  m_RootOrder: 1
  m_LocalEulerAnglesHint: {x: 0, y: 0, z: 0}
--- !u!1 &7547248787452334755
GameObject:
  m_ObjectHideFlags: 0
  m_CorrespondingSourceObject: {fileID: 0}
  m_PrefabInstance: {fileID: 0}
  m_PrefabAsset: {fileID: 0}
  serializedVersion: 6
  m_Component:
  - component: {fileID: 7547248787452334754}
  m_Layer: 0
  m_Name: remote_pivots_leg_right
  m_TagString: Untagged
  m_Icon: {fileID: 0}
  m_NavMeshLayer: 0
  m_StaticEditorFlags: 0
  m_IsActive: 1
--- !u!4 &7547248787452334754
Transform:
  m_ObjectHideFlags: 0
  m_CorrespondingSourceObject: {fileID: 0}
  m_PrefabInstance: {fileID: 0}
  m_PrefabAsset: {fileID: 0}
  m_GameObject: {fileID: 7547248787452334755}
  m_LocalRotation: {x: 0, y: 0, z: 0, w: 1}
  m_LocalPosition: {x: 0, y: 0, z: 0}
  m_LocalScale: {x: 1, y: 1, z: 1}
  m_Children:
  - {fileID: 7547248786713617451}
  - {fileID: 7547248787442118019}
  - {fileID: 7547248786531107834}
  m_Father: {fileID: 7547248786256488742}
  m_RootOrder: 2
  m_LocalEulerAnglesHint: {x: 0, y: 0, z: 0}
