%YAML 1.1
%TAG !u! tag:unity3d.com,2011:
--- !u!29 &1
OcclusionCullingSettings:
  m_ObjectHideFlags: 0
  serializedVersion: 2
  m_OcclusionBakeSettings:
    smallestOccluder: 5
    smallestHole: 0.25
    backfaceThreshold: 100
  m_SceneGUID: 00000000000000000000000000000000
  m_OcclusionCullingData: {fileID: 0}
--- !u!104 &2
RenderSettings:
  m_ObjectHideFlags: 0
  serializedVersion: 9
  m_Fog: 0
  m_FogColor: {r: 0.5, g: 0.5, b: 0.5, a: 1}
  m_FogMode: 3
  m_FogDensity: 0.01
  m_LinearFogStart: 0
  m_LinearFogEnd: 300
  m_AmbientSkyColor: {r: 0.212, g: 0.227, b: 0.259, a: 1}
  m_AmbientEquatorColor: {r: 0.114, g: 0.125, b: 0.133, a: 1}
  m_AmbientGroundColor: {r: 0.047, g: 0.043, b: 0.035, a: 1}
  m_AmbientIntensity: 1
  m_AmbientMode: 0
  m_SubtractiveShadowColor: {r: 0.42, g: 0.478, b: 0.627, a: 1}
  m_SkyboxMaterial: {fileID: 10304, guid: 0000000000000000f000000000000000, type: 0}
  m_HaloStrength: 0.5
  m_FlareStrength: 1
  m_FlareFadeSpeed: 3
  m_HaloTexture: {fileID: 0}
  m_SpotCookie: {fileID: 10001, guid: 0000000000000000e000000000000000, type: 0}
  m_DefaultReflectionMode: 0
  m_DefaultReflectionResolution: 128
  m_ReflectionBounces: 1
  m_ReflectionIntensity: 1
  m_CustomReflection: {fileID: 0}
  m_Sun: {fileID: 0}
  m_IndirectSpecularColor: {r: 0.18028378, g: 0.22571412, b: 0.30692285, a: 1}
  m_UseRadianceAmbientProbe: 0
--- !u!157 &3
LightmapSettings:
  m_ObjectHideFlags: 0
  serializedVersion: 11
  m_GIWorkflowMode: 1
  m_GISettings:
    serializedVersion: 2
    m_BounceScale: 1
    m_IndirectOutputScale: 1
    m_AlbedoBoost: 1
    m_EnvironmentLightingMode: 0
    m_EnableBakedLightmaps: 1
    m_EnableRealtimeLightmaps: 0
  m_LightmapEditorSettings:
    serializedVersion: 12
    m_Resolution: 2
    m_BakeResolution: 10
    m_AtlasSize: 1024
    m_AO: 0
    m_AOMaxDistance: 1
    m_CompAOExponent: 1
    m_CompAOExponentDirect: 0
    m_ExtractAmbientOcclusion: 0
    m_Padding: 2
    m_LightmapParameters: {fileID: 0}
    m_LightmapsBakeMode: 1
    m_TextureCompression: 1
    m_FinalGather: 0
    m_FinalGatherFiltering: 1
    m_FinalGatherRayCount: 256
    m_ReflectionCompression: 2
    m_MixedBakeMode: 2
    m_BakeBackend: 1
    m_PVRSampling: 1
    m_PVRDirectSampleCount: 32
    m_PVRSampleCount: 512
    m_PVRBounces: 2
    m_PVREnvironmentSampleCount: 256
    m_PVREnvironmentReferencePointCount: 2048
    m_PVRFilteringMode: 1
    m_PVRDenoiserTypeDirect: 1
    m_PVRDenoiserTypeIndirect: 1
    m_PVRDenoiserTypeAO: 1
    m_PVRFilterTypeDirect: 0
    m_PVRFilterTypeIndirect: 0
    m_PVRFilterTypeAO: 0
    m_PVREnvironmentMIS: 1
    m_PVRCulling: 1
    m_PVRFilteringGaussRadiusDirect: 1
    m_PVRFilteringGaussRadiusIndirect: 5
    m_PVRFilteringGaussRadiusAO: 2
    m_PVRFilteringAtrousPositionSigmaDirect: 0.5
    m_PVRFilteringAtrousPositionSigmaIndirect: 2
    m_PVRFilteringAtrousPositionSigmaAO: 1
    m_ExportTrainingData: 0
    m_TrainingDataDestination: TrainingData
    m_LightProbeSampleCountMultiplier: 4
  m_LightingDataAsset: {fileID: 112000000, guid: 706bc3f28f636b94bbf25afcb9b54a42,
    type: 2}
  m_UseShadowmask: 1
--- !u!196 &4
NavMeshSettings:
  serializedVersion: 2
  m_ObjectHideFlags: 0
  m_BuildSettings:
    serializedVersion: 2
    agentTypeID: 0
    agentRadius: 0.5
    agentHeight: 2
    agentSlope: 45
    agentClimb: 0.4
    ledgeDropHeight: 0
    maxJumpAcrossDistance: 0
    minRegionArea: 2
    manualCellSize: 0
    cellSize: 0.16666667
    manualTileSize: 0
    tileSize: 256
    accuratePlacement: 0
    debug:
      m_Flags: 0
  m_NavMeshData: {fileID: 0}
--- !u!1 &309568815
GameObject:
  m_ObjectHideFlags: 0
  m_CorrespondingSourceObject: {fileID: 0}
  m_PrefabInstance: {fileID: 0}
  m_PrefabAsset: {fileID: 0}
  serializedVersion: 6
  m_Component:
  - component: {fileID: 309568818}
  - component: {fileID: 309568817}
  - component: {fileID: 309568816}
  m_Layer: 0
  m_Name: plane
  m_TagString: Untagged
  m_Icon: {fileID: 0}
  m_NavMeshLayer: 0
  m_StaticEditorFlags: 4294967295
  m_IsActive: 1
--- !u!23 &309568816
MeshRenderer:
  m_ObjectHideFlags: 0
  m_CorrespondingSourceObject: {fileID: 0}
  m_PrefabInstance: {fileID: 0}
  m_PrefabAsset: {fileID: 0}
  m_GameObject: {fileID: 309568815}
  m_Enabled: 1
  m_CastShadows: 1
  m_ReceiveShadows: 1
  m_DynamicOccludee: 1
  m_MotionVectors: 1
  m_LightProbeUsage: 1
  m_ReflectionProbeUsage: 1
  m_RayTracingMode: 2
  m_RenderingLayerMask: 1
  m_RendererPriority: 0
  m_Materials:
  - {fileID: 2100000, guid: 9c58e1d5cd166c9488f64e713fb32998, type: 2}
  m_StaticBatchInfo:
    firstSubMesh: 0
    subMeshCount: 0
  m_StaticBatchRoot: {fileID: 0}
  m_ProbeAnchor: {fileID: 0}
  m_LightProbeVolumeOverride: {fileID: 0}
  m_ScaleInLightmap: 0.1
  m_ReceiveGI: 1
  m_PreserveUVs: 0
  m_IgnoreNormalsForChartDetection: 0
  m_ImportantGI: 0
  m_StitchLightmapSeams: 1
  m_SelectedEditorRenderState: 3
  m_MinimumChartSize: 4
  m_AutoUVMaxDistance: 0.5
  m_AutoUVMaxAngle: 89
  m_LightmapParameters: {fileID: 0}
  m_SortingLayerID: 0
  m_SortingLayer: 0
  m_SortingOrder: 0
--- !u!33 &309568817
MeshFilter:
  m_ObjectHideFlags: 0
  m_CorrespondingSourceObject: {fileID: 0}
  m_PrefabInstance: {fileID: 0}
  m_PrefabAsset: {fileID: 0}
  m_GameObject: {fileID: 309568815}
  m_Mesh: {fileID: 10209, guid: 0000000000000000e000000000000000, type: 0}
--- !u!4 &309568818
Transform:
  m_ObjectHideFlags: 0
  m_CorrespondingSourceObject: {fileID: 0}
  m_PrefabInstance: {fileID: 0}
  m_PrefabAsset: {fileID: 0}
  m_GameObject: {fileID: 309568815}
  m_LocalRotation: {x: 0, y: 0, z: 0, w: 1}
  m_LocalPosition: {x: 0, y: 0, z: 0}
  m_LocalScale: {x: 10, y: 10, z: 10}
  m_Children: []
  m_Father: {fileID: 0}
  m_RootOrder: 1
  m_LocalEulerAnglesHint: {x: 0, y: 0, z: 0}
--- !u!1001 &346145388
PrefabInstance:
  m_ObjectHideFlags: 0
  serializedVersion: 2
  m_Modification:
    m_TransformParent: {fileID: 505336039}
    m_Modifications:
    - target: {fileID: -6057140222963153312, guid: 18aa16483347e5247a0b455b7aa7a238,
        type: 3}
      propertyPath: m_Controller
      value: 
      objectReference: {fileID: 9100000, guid: 70511bb844d3155498d546a436e26005, type: 2}
    - target: {fileID: -6057140222963153312, guid: 18aa16483347e5247a0b455b7aa7a238,
        type: 3}
      propertyPath: m_ApplyRootMotion
      value: 0
      objectReference: {fileID: 0}
    - target: {fileID: -4216859302048453862, guid: 18aa16483347e5247a0b455b7aa7a238,
        type: 3}
      propertyPath: m_LocalPosition.x
      value: 0
      objectReference: {fileID: 0}
    - target: {fileID: -4216859302048453862, guid: 18aa16483347e5247a0b455b7aa7a238,
        type: 3}
      propertyPath: m_LocalPosition.y
      value: 0
      objectReference: {fileID: 0}
    - target: {fileID: -4216859302048453862, guid: 18aa16483347e5247a0b455b7aa7a238,
        type: 3}
      propertyPath: m_LocalPosition.z
      value: 0
      objectReference: {fileID: 0}
    - target: {fileID: -4216859302048453862, guid: 18aa16483347e5247a0b455b7aa7a238,
        type: 3}
      propertyPath: m_LocalRotation.x
      value: 0
      objectReference: {fileID: 0}
    - target: {fileID: -4216859302048453862, guid: 18aa16483347e5247a0b455b7aa7a238,
        type: 3}
      propertyPath: m_LocalRotation.y
      value: 0
      objectReference: {fileID: 0}
    - target: {fileID: -4216859302048453862, guid: 18aa16483347e5247a0b455b7aa7a238,
        type: 3}
      propertyPath: m_LocalRotation.z
      value: 0
      objectReference: {fileID: 0}
    - target: {fileID: -4216859302048453862, guid: 18aa16483347e5247a0b455b7aa7a238,
        type: 3}
      propertyPath: m_LocalRotation.w
      value: 1
      objectReference: {fileID: 0}
    - target: {fileID: -4216859302048453862, guid: 18aa16483347e5247a0b455b7aa7a238,
        type: 3}
      propertyPath: m_RootOrder
      value: 0
      objectReference: {fileID: 0}
    - target: {fileID: -4216859302048453862, guid: 18aa16483347e5247a0b455b7aa7a238,
        type: 3}
      propertyPath: m_LocalEulerAnglesHint.x
      value: 0
      objectReference: {fileID: 0}
    - target: {fileID: -4216859302048453862, guid: 18aa16483347e5247a0b455b7aa7a238,
        type: 3}
      propertyPath: m_LocalEulerAnglesHint.y
      value: 0
      objectReference: {fileID: 0}
    - target: {fileID: -4216859302048453862, guid: 18aa16483347e5247a0b455b7aa7a238,
        type: 3}
      propertyPath: m_LocalEulerAnglesHint.z
      value: 0
      objectReference: {fileID: 0}
    - target: {fileID: -4216859302048453862, guid: 18aa16483347e5247a0b455b7aa7a238,
        type: 3}
      propertyPath: m_LocalScale.x
      value: 0.8252307
      objectReference: {fileID: 0}
    - target: {fileID: -4216859302048453862, guid: 18aa16483347e5247a0b455b7aa7a238,
        type: 3}
      propertyPath: m_LocalScale.y
      value: 0.8252307
      objectReference: {fileID: 0}
    - target: {fileID: -4216859302048453862, guid: 18aa16483347e5247a0b455b7aa7a238,
        type: 3}
      propertyPath: m_LocalScale.z
      value: 0.8252307
      objectReference: {fileID: 0}
    - target: {fileID: -927199367670048503, guid: 18aa16483347e5247a0b455b7aa7a238,
        type: 3}
      propertyPath: m_Name
      value: jess_v01-05
      objectReference: {fileID: 0}
    m_RemovedComponents: []
  m_SourcePrefab: {fileID: 100100000, guid: 18aa16483347e5247a0b455b7aa7a238, type: 3}
--- !u!137 &346145389 stripped
SkinnedMeshRenderer:
  m_CorrespondingSourceObject: {fileID: 3546463459136050789, guid: 18aa16483347e5247a0b455b7aa7a238,
    type: 3}
  m_PrefabInstance: {fileID: 346145388}
  m_PrefabAsset: {fileID: 0}
--- !u!95 &346145390 stripped
Animator:
  m_CorrespondingSourceObject: {fileID: -6057140222963153312, guid: 18aa16483347e5247a0b455b7aa7a238,
    type: 3}
  m_PrefabInstance: {fileID: 346145388}
  m_PrefabAsset: {fileID: 0}
--- !u!4 &346145391 stripped
Transform:
  m_CorrespondingSourceObject: {fileID: -4216859302048453862, guid: 18aa16483347e5247a0b455b7aa7a238,
    type: 3}
  m_PrefabInstance: {fileID: 346145388}
  m_PrefabAsset: {fileID: 0}
--- !u!4 &346145392 stripped
Transform:
  m_CorrespondingSourceObject: {fileID: 2967024489270663978, guid: 18aa16483347e5247a0b455b7aa7a238,
    type: 3}
  m_PrefabInstance: {fileID: 346145388}
  m_PrefabAsset: {fileID: 0}
--- !u!4 &346145393 stripped
Transform:
  m_CorrespondingSourceObject: {fileID: -733844301153185385, guid: 18aa16483347e5247a0b455b7aa7a238,
    type: 3}
  m_PrefabInstance: {fileID: 346145388}
  m_PrefabAsset: {fileID: 0}
--- !u!4 &346145394 stripped
Transform:
  m_CorrespondingSourceObject: {fileID: 1201397401553594048, guid: 18aa16483347e5247a0b455b7aa7a238,
    type: 3}
  m_PrefabInstance: {fileID: 346145388}
  m_PrefabAsset: {fileID: 0}
--- !u!4 &346145395 stripped
Transform:
  m_CorrespondingSourceObject: {fileID: 6826614825092347763, guid: 18aa16483347e5247a0b455b7aa7a238,
    type: 3}
  m_PrefabInstance: {fileID: 346145388}
  m_PrefabAsset: {fileID: 0}
--- !u!4 &346145396 stripped
Transform:
  m_CorrespondingSourceObject: {fileID: -6106346719920634213, guid: 18aa16483347e5247a0b455b7aa7a238,
    type: 3}
  m_PrefabInstance: {fileID: 346145388}
  m_PrefabAsset: {fileID: 0}
--- !u!4 &346145397 stripped
Transform:
  m_CorrespondingSourceObject: {fileID: -8142374085988751678, guid: 18aa16483347e5247a0b455b7aa7a238,
    type: 3}
  m_PrefabInstance: {fileID: 346145388}
  m_PrefabAsset: {fileID: 0}
--- !u!4 &346145398 stripped
Transform:
  m_CorrespondingSourceObject: {fileID: -3300819856607115085, guid: 18aa16483347e5247a0b455b7aa7a238,
    type: 3}
  m_PrefabInstance: {fileID: 346145388}
  m_PrefabAsset: {fileID: 0}
--- !u!4 &346145399 stripped
Transform:
  m_CorrespondingSourceObject: {fileID: 5178830929727084924, guid: 18aa16483347e5247a0b455b7aa7a238,
    type: 3}
  m_PrefabInstance: {fileID: 346145388}
  m_PrefabAsset: {fileID: 0}
--- !u!4 &346145400 stripped
Transform:
  m_CorrespondingSourceObject: {fileID: 8015458729411841588, guid: 18aa16483347e5247a0b455b7aa7a238,
    type: 3}
  m_PrefabInstance: {fileID: 346145388}
  m_PrefabAsset: {fileID: 0}
--- !u!4 &346145401 stripped
Transform:
  m_CorrespondingSourceObject: {fileID: -5360303825064982623, guid: 18aa16483347e5247a0b455b7aa7a238,
    type: 3}
  m_PrefabInstance: {fileID: 346145388}
  m_PrefabAsset: {fileID: 0}
--- !u!4 &346145402 stripped
Transform:
  m_CorrespondingSourceObject: {fileID: 1099989523803454343, guid: 18aa16483347e5247a0b455b7aa7a238,
    type: 3}
  m_PrefabInstance: {fileID: 346145388}
  m_PrefabAsset: {fileID: 0}
--- !u!4 &346145403 stripped
Transform:
  m_CorrespondingSourceObject: {fileID: -8874980311230031920, guid: 18aa16483347e5247a0b455b7aa7a238,
    type: 3}
  m_PrefabInstance: {fileID: 346145388}
  m_PrefabAsset: {fileID: 0}
--- !u!4 &346145404 stripped
Transform:
  m_CorrespondingSourceObject: {fileID: -8226386591148294898, guid: 18aa16483347e5247a0b455b7aa7a238,
    type: 3}
  m_PrefabInstance: {fileID: 346145388}
  m_PrefabAsset: {fileID: 0}
--- !u!4 &346145405 stripped
Transform:
  m_CorrespondingSourceObject: {fileID: 6563973325933718585, guid: 18aa16483347e5247a0b455b7aa7a238,
    type: 3}
  m_PrefabInstance: {fileID: 346145388}
  m_PrefabAsset: {fileID: 0}
--- !u!4 &346145406 stripped
Transform:
  m_CorrespondingSourceObject: {fileID: 3962335337431459581, guid: 18aa16483347e5247a0b455b7aa7a238,
    type: 3}
  m_PrefabInstance: {fileID: 346145388}
  m_PrefabAsset: {fileID: 0}
--- !u!4 &346145407 stripped
Transform:
  m_CorrespondingSourceObject: {fileID: 3705864024718012518, guid: 18aa16483347e5247a0b455b7aa7a238,
    type: 3}
  m_PrefabInstance: {fileID: 346145388}
  m_PrefabAsset: {fileID: 0}
--- !u!4 &346145408 stripped
Transform:
  m_CorrespondingSourceObject: {fileID: -5257716898066598251, guid: 18aa16483347e5247a0b455b7aa7a238,
    type: 3}
  m_PrefabInstance: {fileID: 346145388}
  m_PrefabAsset: {fileID: 0}
--- !u!4 &346145409 stripped
Transform:
  m_CorrespondingSourceObject: {fileID: 5620031410343876086, guid: 18aa16483347e5247a0b455b7aa7a238,
    type: 3}
  m_PrefabInstance: {fileID: 346145388}
  m_PrefabAsset: {fileID: 0}
--- !u!4 &346145410 stripped
Transform:
  m_CorrespondingSourceObject: {fileID: 3399682233302367906, guid: 18aa16483347e5247a0b455b7aa7a238,
    type: 3}
  m_PrefabInstance: {fileID: 346145388}
  m_PrefabAsset: {fileID: 0}
--- !u!4 &346145411 stripped
Transform:
  m_CorrespondingSourceObject: {fileID: -1446266403728257604, guid: 18aa16483347e5247a0b455b7aa7a238,
    type: 3}
  m_PrefabInstance: {fileID: 346145388}
  m_PrefabAsset: {fileID: 0}
--- !u!4 &346145412 stripped
Transform:
  m_CorrespondingSourceObject: {fileID: -2709570500426278303, guid: 18aa16483347e5247a0b455b7aa7a238,
    type: 3}
  m_PrefabInstance: {fileID: 346145388}
  m_PrefabAsset: {fileID: 0}
--- !u!1 &346145413 stripped
GameObject:
  m_CorrespondingSourceObject: {fileID: -927199367670048503, guid: 18aa16483347e5247a0b455b7aa7a238,
    type: 3}
  m_PrefabInstance: {fileID: 346145388}
  m_PrefabAsset: {fileID: 0}
--- !u!114 &346145414
MonoBehaviour:
  m_ObjectHideFlags: 0
  m_CorrespondingSourceObject: {fileID: 0}
  m_PrefabInstance: {fileID: 0}
  m_PrefabAsset: {fileID: 0}
  m_GameObject: {fileID: 346145413}
  m_Enabled: 1
  m_EditorHideFlags: 0
  m_Script: {fileID: 11500000, guid: bfac4fa329d1f4f23814af71a247c14b, type: 3}
  m_Name: 
  m_EditorClassIdentifier: 
  fixTransforms: 1
  references:
    root: {fileID: 346145391}
    pelvis: {fileID: 346145412}
    spine: {fileID: 346145403}
    chest: {fileID: 346145402}
    neck: {fileID: 346145401}
    head: {fileID: 346145400}
    leftShoulder: {fileID: 346145395}
    leftUpperArm: {fileID: 346145394}
    leftForearm: {fileID: 346145393}
    leftHand: {fileID: 346145392}
    rightShoulder: {fileID: 346145399}
    rightUpperArm: {fileID: 346145398}
    rightForearm: {fileID: 346145397}
    rightHand: {fileID: 346145396}
    leftThigh: {fileID: 346145411}
    leftCalf: {fileID: 346145410}
    leftFoot: {fileID: 346145409}
    leftToes: {fileID: 346145408}
    rightThigh: {fileID: 346145407}
    rightCalf: {fileID: 346145406}
    rightFoot: {fileID: 346145405}
    rightToes: {fileID: 346145404}
  solver:
    IKPosition: {x: 0, y: 0, z: 0}
    IKPositionWeight: 1
    root: {fileID: 0}
    LOD: 0
    plantFeet: 1
    spine:
      bones: []
      headTarget: {fileID: 465386248}
      pelvisTarget: {fileID: 0}
      positionWeight: 0
      rotationWeight: 0
      pelvisPositionWeight: 0
      pelvisRotationWeight: 0
      chestGoal: {fileID: 0}
      chestGoalWeight: 0
      minHeadHeight: 0.8
      bodyPosStiffness: 0.55
      bodyRotStiffness: 0.1
      neckStiffness: 0.2
      rotateChestByHands: 1
      chestClampWeight: 0.5
      headClampWeight: 0.6
      moveBodyBackWhenCrouching: 0.5
      maintainPelvisPosition: 0.2
      maxRootAngle: 25
      rootHeadingOffset: 0
    leftArm:
      bones: []
      target: {fileID: 1638956175}
      bendGoal: {fileID: 0}
      positionWeight: 0
      rotationWeight: 0
      shoulderRotationMode: 0
      shoulderRotationWeight: 1
      shoulderTwistWeight: 1
      bendGoalWeight: 0
      swivelOffset: 0
      wristToPalmAxis: {x: 0, y: 1, z: 0}
      palmToThumbAxis: {x: -1, y: -0, z: -0}
      armLengthMlp: 1
      stretchCurve:
        serializedVersion: 2
        m_Curve: []
        m_PreInfinity: 2
        m_PostInfinity: 2
        m_RotationOrder: 4
    rightArm:
      bones: []
      target: {fileID: 413536455}
      bendGoal: {fileID: 0}
      positionWeight: 0
      rotationWeight: 0
      shoulderRotationMode: 0
      shoulderRotationWeight: 1
      shoulderTwistWeight: 1
      bendGoalWeight: 0
      swivelOffset: 0
      wristToPalmAxis: {x: 0, y: 1, z: 0}
      palmToThumbAxis: {x: 1, y: 0, z: 0}
      armLengthMlp: 1
      stretchCurve:
        serializedVersion: 2
        m_Curve: []
        m_PreInfinity: 2
        m_PostInfinity: 2
        m_RotationOrder: 4
    leftLeg:
      bones: []
      target: {fileID: 0}
      bendGoal: {fileID: 0}
      positionWeight: 0
      rotationWeight: 0
      bendGoalWeight: 0
      swivelOffset: 0
      bendToTargetWeight: 0.5
      legLengthMlp: 1
      stretchCurve:
        serializedVersion: 2
        m_Curve: []
        m_PreInfinity: 2
        m_PostInfinity: 2
        m_RotationOrder: 4
      useAnimatedBendNormal: 0
    rightLeg:
      bones: []
      target: {fileID: 0}
      bendGoal: {fileID: 0}
      positionWeight: 0
      rotationWeight: 0
      bendGoalWeight: 0
      swivelOffset: 0
      bendToTargetWeight: 0.5
      legLengthMlp: 1
      stretchCurve:
        serializedVersion: 2
        m_Curve: []
        m_PreInfinity: 2
        m_PostInfinity: 2
        m_RotationOrder: 4
      useAnimatedBendNormal: 0
    locomotion:
      weight: 1
      footDistance: 0.3
      stepThreshold: 0.4
      angleThreshold: 60
      comAngleMlp: 1
      maxVelocity: 0.4
      velocityFactor: 0.4
      maxLegStretch: 1
      rootSpeed: 20
      stepSpeed: 3
      stepHeight:
        serializedVersion: 2
        m_Curve:
        - serializedVersion: 3
          time: 0
          value: 0
          inSlope: 0
          outSlope: 0
          tangentMode: 0
          weightedMode: 0
          inWeight: 0
          outWeight: 0
        - serializedVersion: 3
          time: 0.5
          value: 0.03
          inSlope: 0
          outSlope: 0
          tangentMode: 0
          weightedMode: 0
          inWeight: 0
          outWeight: 0
        - serializedVersion: 3
          time: 1
          value: 0
          inSlope: 0
          outSlope: 0
          tangentMode: 0
          weightedMode: 0
          inWeight: 0
          outWeight: 0
        m_PreInfinity: 2
        m_PostInfinity: 2
        m_RotationOrder: 4
      heelHeight:
        serializedVersion: 2
        m_Curve:
        - serializedVersion: 3
          time: 0
          value: 0
          inSlope: 0
          outSlope: 0
          tangentMode: 0
          weightedMode: 0
          inWeight: 0
          outWeight: 0
        - serializedVersion: 3
          time: 0.5
          value: 0.03
          inSlope: 0
          outSlope: 0
          tangentMode: 0
          weightedMode: 0
          inWeight: 0
          outWeight: 0
        - serializedVersion: 3
          time: 1
          value: 0
          inSlope: 0
          outSlope: 0
          tangentMode: 0
          weightedMode: 0
          inWeight: 0
          outWeight: 0
        m_PreInfinity: 2
        m_PostInfinity: 2
        m_RotationOrder: 4
      relaxLegTwistMinAngle: 20
      relaxLegTwistSpeed: 400
      stepInterpolation: 3
      offset: {x: 0, y: 0, z: 0}
      blockingEnabled: 0
      blockingLayers:
        serializedVersion: 2
        m_Bits: 0
      raycastRadius: 0.2
      raycastHeight: 0.2
      onLeftFootstep:
        m_PersistentCalls:
          m_Calls: []
      onRightFootstep:
        m_PersistentCalls:
          m_Calls: []
--- !u!1 &413536454
GameObject:
  m_ObjectHideFlags: 0
  m_CorrespondingSourceObject: {fileID: 0}
  m_PrefabInstance: {fileID: 0}
  m_PrefabAsset: {fileID: 0}
  serializedVersion: 6
  m_Component:
  - component: {fileID: 413536455}
  - component: {fileID: 413536457}
  - component: {fileID: 413536456}
  - component: {fileID: 413536458}
  m_Layer: 0
  m_Name: ik_target_hand_right
  m_TagString: Untagged
  m_Icon: {fileID: 0}
  m_NavMeshLayer: 0
  m_StaticEditorFlags: 0
  m_IsActive: 1
--- !u!4 &413536455
Transform:
  m_ObjectHideFlags: 0
  m_CorrespondingSourceObject: {fileID: 0}
  m_PrefabInstance: {fileID: 0}
  m_PrefabAsset: {fileID: 0}
  m_GameObject: {fileID: 413536454}
  m_LocalRotation: {x: 0, y: 0, z: 0, w: 1}
  m_LocalPosition: {x: 0, y: 0, z: 0}
  m_LocalScale: {x: 1, y: 1, z: 1}
  m_Children: []
  m_Father: {fileID: 425279150}
  m_RootOrder: 2
  m_LocalEulerAnglesHint: {x: 0, y: 0, z: 0}
--- !u!114 &413536456
MonoBehaviour:
  m_ObjectHideFlags: 0
  m_CorrespondingSourceObject: {fileID: 0}
  m_PrefabInstance: {fileID: 0}
  m_PrefabAsset: {fileID: 0}
  m_GameObject: {fileID: 413536454}
  m_Enabled: 1
  m_EditorHideFlags: 0
  m_Script: {fileID: 11500000, guid: cf3030309ba00db4a9578e286436eb6a, type: 3}
  m_Name: 
  m_EditorClassIdentifier: 
  _editorTimeUpdate: 0
  _editorDrawGizmoTarget: 1
  _editorGizmoSize: 0.1
  _tracker:
    _sourceType: 0
    _transform: {fileID: 413536455}
    _rigidbody: {fileID: 0}
    _basicPoseSingle: {fileID: 0}
  _target:
    _sourceType: 0
    _transform: {fileID: 975694866}
    _rigidbody: {fileID: 0}
    _basicPoseSingle: {fileID: 0}
  _setupCallbackFlags: 0
  _updateCallbackFlags: 1
  _targetOffsetPositionWorldSpace: 0
  _targetOffsetPosition: {x: 0.04, y: 0, z: 0}
  _targetOffsetRotation: {x: -90, y: 90, z: 0}
  _followProperties: -1
--- !u!114 &413536457
MonoBehaviour:
  m_ObjectHideFlags: 0
  m_CorrespondingSourceObject: {fileID: 0}
  m_PrefabInstance: {fileID: 0}
  m_PrefabAsset: {fileID: 0}
  m_GameObject: {fileID: 413536454}
  m_Enabled: 1
  m_EditorHideFlags: 0
  m_Script: {fileID: 11500000, guid: 643caba141f08dd458ce8a1aea8ef7e2, type: 3}
  m_Name: 
  m_EditorClassIdentifier: 
  _targetActive: 1
  _transformTarget: {fileID: 413536455}
  _targetActiveChanged:
    _value:
      m_PersistentCalls:
        m_Calls: []
    _invertedValue:
      m_PersistentCalls:
        m_Calls: []
    _isTrue:
      m_PersistentCalls:
        m_Calls: []
    _isFalse:
      m_PersistentCalls:
        m_Calls: []
  _transformTargetChanged:
    m_PersistentCalls:
      m_Calls: []
--- !u!114 &413536458
MonoBehaviour:
  m_ObjectHideFlags: 0
  m_CorrespondingSourceObject: {fileID: 0}
  m_PrefabInstance: {fileID: 0}
  m_PrefabAsset: {fileID: 0}
  m_GameObject: {fileID: 413536454}
  m_Enabled: 1
  m_EditorHideFlags: 0
  m_Script: {fileID: 11500000, guid: 18af5055fe9049629cb64735d9c15efa, type: 3}
  m_Name: 
  m_EditorClassIdentifier: 
  _listenValue: {fileID: 11400000, guid: 0a713b35d07eb9144b1b5c3b2805754a, type: 2}
  _raiseOnStates: 2
  _valueChangedString:
    m_PersistentCalls:
      m_Calls: []
  _valueChanged:
    m_PersistentCalls:
      m_Calls: []
  _valueChangedCompare: []
  _valueChangedPlus:
    _value:
      m_PersistentCalls:
        m_Calls:
        - m_Target: {fileID: 413536457}
          m_MethodName: set_TargetActive
          m_Mode: 0
          m_Arguments:
            m_ObjectArgument: {fileID: 0}
            m_ObjectArgumentAssemblyTypeName: UnityEngine.Object, UnityEngine
            m_IntArgument: 0
            m_FloatArgument: 0
            m_StringArgument: 
            m_BoolArgument: 0
          m_CallState: 2
    _invertedValue:
      m_PersistentCalls:
        m_Calls: []
    _isTrue:
      m_PersistentCalls:
        m_Calls: []
    _isFalse:
      m_PersistentCalls:
        m_Calls: []
--- !u!1 &425279149
GameObject:
  m_ObjectHideFlags: 0
  m_CorrespondingSourceObject: {fileID: 0}
  m_PrefabInstance: {fileID: 0}
  m_PrefabAsset: {fileID: 0}
  serializedVersion: 6
  m_Component:
  - component: {fileID: 425279150}
  - component: {fileID: 425279151}
  - component: {fileID: 425279152}
  - component: {fileID: 425279153}
  m_Layer: 0
  m_Name: parent_tracked_ik_targets
  m_TagString: Untagged
  m_Icon: {fileID: 0}
  m_NavMeshLayer: 0
  m_StaticEditorFlags: 0
  m_IsActive: 1
--- !u!4 &425279150
Transform:
  m_ObjectHideFlags: 0
  m_CorrespondingSourceObject: {fileID: 0}
  m_PrefabInstance: {fileID: 0}
  m_PrefabAsset: {fileID: 0}
  m_GameObject: {fileID: 425279149}
  m_LocalRotation: {x: 0, y: 0, z: 0, w: 1}
  m_LocalPosition: {x: 0, y: 0, z: 0}
  m_LocalScale: {x: 1, y: 1, z: 1}
  m_Children:
  - {fileID: 465386248}
  - {fileID: 1638956175}
  - {fileID: 413536455}
  m_Father: {fileID: 0}
  m_RootOrder: 4
  m_LocalEulerAnglesHint: {x: 0, y: 0, z: 0}
--- !u!95 &425279151
Animator:
  serializedVersion: 3
  m_ObjectHideFlags: 0
  m_CorrespondingSourceObject: {fileID: 0}
  m_PrefabInstance: {fileID: 0}
  m_PrefabAsset: {fileID: 0}
  m_GameObject: {fileID: 425279149}
  m_Enabled: 0
  m_Avatar: {fileID: 0}
  m_Controller: {fileID: 9100000, guid: 09b8d69bb3d04dc40ae6feb79c50209f, type: 2}
  m_CullingMode: 0
  m_UpdateMode: 0
  m_ApplyRootMotion: 0
  m_LinearVelocityBlending: 0
  m_WarningMessage: 
  m_HasTransformHierarchy: 1
  m_AllowConstantClipSamplingOptimization: 1
  m_KeepAnimatorControllerStateOnDisable: 0
--- !u!114 &425279152
MonoBehaviour:
  m_ObjectHideFlags: 0
  m_CorrespondingSourceObject: {fileID: 0}
  m_PrefabInstance: {fileID: 0}
  m_PrefabAsset: {fileID: 0}
  m_GameObject: {fileID: 425279149}
  m_Enabled: 1
  m_EditorHideFlags: 0
  m_Script: {fileID: 11500000, guid: e26c23db464cd844d969ee9d12010d83, type: 3}
  m_Name: 
  m_EditorClassIdentifier: 
  _recordingMode: 2
  _recordingModeChanged:
    m_PersistentCalls:
      m_Calls: []
  _recordingModeChangedCompare:
  - _compareValue: 2
    _equalToCompareValue:
      _value:
        m_PersistentCalls:
          m_Calls:
          - m_Target: {fileID: 465386246}
            m_MethodName: set_TargetActive
            m_Mode: 0
            m_Arguments:
              m_ObjectArgument: {fileID: 0}
              m_ObjectArgumentAssemblyTypeName: UnityEngine.Object, UnityEngine
              m_IntArgument: 0
              m_FloatArgument: 0
              m_StringArgument: 
              m_BoolArgument: 0
            m_CallState: 2
          - m_Target: {fileID: 1638956173}
            m_MethodName: set_TargetActive
            m_Mode: 0
            m_Arguments:
              m_ObjectArgument: {fileID: 0}
              m_ObjectArgumentAssemblyTypeName: UnityEngine.Object, UnityEngine
              m_IntArgument: 0
              m_FloatArgument: 0
              m_StringArgument: 
              m_BoolArgument: 0
            m_CallState: 2
          - m_Target: {fileID: 413536457}
            m_MethodName: set_TargetActive
            m_Mode: 0
            m_Arguments:
              m_ObjectArgument: {fileID: 0}
              m_ObjectArgumentAssemblyTypeName: UnityEngine.Object, UnityEngine
              m_IntArgument: 0
              m_FloatArgument: 0
              m_StringArgument: 
              m_BoolArgument: 0
            m_CallState: 2
          - m_Target: {fileID: 425279151}
            m_MethodName: set_enabled
            m_Mode: 0
            m_Arguments:
              m_ObjectArgument: {fileID: 0}
              m_ObjectArgumentAssemblyTypeName: UnityEngine.Object, UnityEngine
              m_IntArgument: 0
              m_FloatArgument: 0
              m_StringArgument: 
              m_BoolArgument: 0
            m_CallState: 2
      _invertedValue:
        m_PersistentCalls:
          m_Calls:
          - m_Target: {fileID: 465386249}
            m_MethodName: set_enabled
            m_Mode: 0
            m_Arguments:
              m_ObjectArgument: {fileID: 0}
              m_ObjectArgumentAssemblyTypeName: UnityEngine.Object, UnityEngine
              m_IntArgument: 0
              m_FloatArgument: 0
              m_StringArgument: 
              m_BoolArgument: 0
            m_CallState: 2
          - m_Target: {fileID: 1638956176}
            m_MethodName: set_enabled
            m_Mode: 0
            m_Arguments:
              m_ObjectArgument: {fileID: 0}
              m_ObjectArgumentAssemblyTypeName: UnityEngine.Object, UnityEngine
              m_IntArgument: 0
              m_FloatArgument: 0
              m_StringArgument: 
              m_BoolArgument: 0
            m_CallState: 2
          - m_Target: {fileID: 413536458}
            m_MethodName: set_enabled
            m_Mode: 0
            m_Arguments:
              m_ObjectArgument: {fileID: 0}
              m_ObjectArgumentAssemblyTypeName: UnityEngine.Object, UnityEngine
              m_IntArgument: 0
              m_FloatArgument: 0
              m_StringArgument: 
              m_BoolArgument: 0
            m_CallState: 2
      _isTrue:
        m_PersistentCalls:
          m_Calls: []
      _isFalse:
        m_PersistentCalls:
          m_Calls: []
    _prevEqualToCompareValue:
      m_PersistentCalls:
        m_Calls: []
--- !u!114 &425279153
MonoBehaviour:
  m_ObjectHideFlags: 0
  m_CorrespondingSourceObject: {fileID: 0}
  m_PrefabInstance: {fileID: 0}
  m_PrefabAsset: {fileID: 0}
  m_GameObject: {fileID: 425279149}
  m_Enabled: 0
  m_EditorHideFlags: 0
  m_Script: {fileID: 11500000, guid: 2edc749f1ab17bb4bad76e319e29ef76, type: 3}
  m_Name: 
  m_EditorClassIdentifier: 
  _basicHumanoid: {fileID: 505336041}
  _transformToScale: {fileID: 425279150}
  _heightAtScaleOne: 1.92
--- !u!1 &465386245
GameObject:
  m_ObjectHideFlags: 0
  m_CorrespondingSourceObject: {fileID: 0}
  m_PrefabInstance: {fileID: 0}
  m_PrefabAsset: {fileID: 0}
  serializedVersion: 6
  m_Component:
  - component: {fileID: 465386248}
  - component: {fileID: 465386246}
  - component: {fileID: 465386247}
  - component: {fileID: 465386249}
  m_Layer: 0
  m_Name: ik_target_hmd
  m_TagString: Untagged
  m_Icon: {fileID: 0}
  m_NavMeshLayer: 0
  m_StaticEditorFlags: 0
  m_IsActive: 1
--- !u!114 &465386246
MonoBehaviour:
  m_ObjectHideFlags: 0
  m_CorrespondingSourceObject: {fileID: 0}
  m_PrefabInstance: {fileID: 0}
  m_PrefabAsset: {fileID: 0}
  m_GameObject: {fileID: 465386245}
  m_Enabled: 1
  m_EditorHideFlags: 0
  m_Script: {fileID: 11500000, guid: 643caba141f08dd458ce8a1aea8ef7e2, type: 3}
  m_Name: 
  m_EditorClassIdentifier: 
  _targetActive: 1
  _transformTarget: {fileID: 465386248}
  _targetActiveChanged:
    _value:
      m_PersistentCalls:
        m_Calls: []
    _invertedValue:
      m_PersistentCalls:
        m_Calls: []
    _isTrue:
      m_PersistentCalls:
        m_Calls: []
    _isFalse:
      m_PersistentCalls:
        m_Calls: []
  _transformTargetChanged:
    m_PersistentCalls:
      m_Calls: []
--- !u!114 &465386247
MonoBehaviour:
  m_ObjectHideFlags: 0
  m_CorrespondingSourceObject: {fileID: 0}
  m_PrefabInstance: {fileID: 0}
  m_PrefabAsset: {fileID: 0}
  m_GameObject: {fileID: 465386245}
  m_Enabled: 1
  m_EditorHideFlags: 0
  m_Script: {fileID: 11500000, guid: ab9d79dcb787b6a43a2e3f5c07985f49, type: 3}
  m_Name: 
  m_EditorClassIdentifier: 
  _editorTimeUpdate: 0
  _editorDrawGizmoTarget: 1
  _editorGizmoSize: 0.1
  _tracker:
    _sourceType: 0
    _transform: {fileID: 465386248}
    _rigidbody: {fileID: 0}
    _basicPoseSingle: {fileID: 0}
  _target:
    _sourceType: 2
    _transform: {fileID: 0}
    _rigidbody: {fileID: 0}
    _basicPoseSingle: {fileID: 11400000, guid: 973fce2b7a05e6841b48a5cd8946c3a6, type: 2}
  _setupCallbackFlags: 0
  _updateCallbackFlags: 1
  _targetOffsetPositionWorldSpace: 0
  _targetOffsetPosition: {x: 0, y: 0, z: 0}
  _targetOffsetRotation: {x: 0, y: 0, z: 0}
  _basicHumanoid: {fileID: 505336041}
--- !u!4 &465386248
Transform:
  m_ObjectHideFlags: 0
  m_CorrespondingSourceObject: {fileID: 0}
  m_PrefabInstance: {fileID: 0}
  m_PrefabAsset: {fileID: 0}
  m_GameObject: {fileID: 465386245}
  m_LocalRotation: {x: 0, y: 0, z: 0, w: 1}
  m_LocalPosition: {x: 0, y: 0, z: 0}
  m_LocalScale: {x: 1, y: 1, z: 1}
  m_Children: []
  m_Father: {fileID: 425279150}
  m_RootOrder: 0
  m_LocalEulerAnglesHint: {x: 0, y: 0, z: 0}
--- !u!114 &465386249
MonoBehaviour:
  m_ObjectHideFlags: 0
  m_CorrespondingSourceObject: {fileID: 0}
  m_PrefabInstance: {fileID: 0}
  m_PrefabAsset: {fileID: 0}
  m_GameObject: {fileID: 465386245}
  m_Enabled: 1
  m_EditorHideFlags: 0
  m_Script: {fileID: 11500000, guid: 18af5055fe9049629cb64735d9c15efa, type: 3}
  m_Name: 
  m_EditorClassIdentifier: 
  _listenValue: {fileID: 11400000, guid: 8dedc96ef28a58c4aa1dfe552e2dc992, type: 2}
  _raiseOnStates: 2
  _valueChangedString:
    m_PersistentCalls:
      m_Calls: []
  _valueChanged:
    m_PersistentCalls:
      m_Calls: []
  _valueChangedCompare: []
  _valueChangedPlus:
    _value:
      m_PersistentCalls:
        m_Calls:
        - m_Target: {fileID: 465386246}
          m_MethodName: set_TargetActive
          m_Mode: 0
          m_Arguments:
            m_ObjectArgument: {fileID: 0}
            m_ObjectArgumentAssemblyTypeName: UnityEngine.Object, UnityEngine
            m_IntArgument: 0
            m_FloatArgument: 0
            m_StringArgument: 
            m_BoolArgument: 0
          m_CallState: 2
    _invertedValue:
      m_PersistentCalls:
        m_Calls: []
    _isTrue:
      m_PersistentCalls:
        m_Calls: []
    _isFalse:
      m_PersistentCalls:
        m_Calls: []
--- !u!1 &505336038
GameObject:
  m_ObjectHideFlags: 0
  m_CorrespondingSourceObject: {fileID: 0}
  m_PrefabInstance: {fileID: 0}
  m_PrefabAsset: {fileID: 0}
  serializedVersion: 6
  m_Component:
  - component: {fileID: 505336039}
  - component: {fileID: 505336041}
  - component: {fileID: 505336040}
  m_Layer: 0
  m_Name: parent_humanoid
  m_TagString: Untagged
  m_Icon: {fileID: 0}
  m_NavMeshLayer: 0
  m_StaticEditorFlags: 0
  m_IsActive: 1
--- !u!4 &505336039
Transform:
  m_ObjectHideFlags: 0
  m_CorrespondingSourceObject: {fileID: 0}
  m_PrefabInstance: {fileID: 0}
  m_PrefabAsset: {fileID: 0}
  m_GameObject: {fileID: 505336038}
  m_LocalRotation: {x: 0, y: 0, z: 0, w: 1}
  m_LocalPosition: {x: 0, y: 0, z: 0}
  m_LocalScale: {x: 1, y: 1, z: 1}
  m_Children:
  - {fileID: 346145391}
  - {fileID: 2114626188}
  - {fileID: 667274650}
  m_Father: {fileID: 0}
  m_RootOrder: 2
  m_LocalEulerAnglesHint: {x: 0, y: 0, z: 0}
--- !u!114 &505336040
MonoBehaviour:
  m_ObjectHideFlags: 0
  m_CorrespondingSourceObject: {fileID: 0}
  m_PrefabInstance: {fileID: 0}
  m_PrefabAsset: {fileID: 0}
  m_GameObject: {fileID: 505336038}
  m_Enabled: 1
  m_EditorHideFlags: 0
  m_Script: {fileID: 11500000, guid: 3eff14da39be3dc408041c1d23a9d6f3, type: 3}
  m_Name: 
  m_EditorClassIdentifier: 
  _bounds:
    m_Center: {x: -0.0024204254, y: 0.6195008, z: 0.0062188506}
    m_Extent: {x: 0.6604247, y: 0.73418236, z: 0.23450935}
  _disableViewer: 0
--- !u!114 &505336041
MonoBehaviour:
  m_ObjectHideFlags: 0
  m_CorrespondingSourceObject: {fileID: 0}
  m_PrefabInstance: {fileID: 0}
  m_PrefabAsset: {fileID: 0}
  m_GameObject: {fileID: 505336038}
  m_Enabled: 1
  m_EditorHideFlags: 0
  m_Script: {fileID: 11500000, guid: c3f327a52d4ca864498d2d1e7c66225f, type: 3}
  m_Name: 
  m_EditorClassIdentifier: 
  _editorSetHeight: 1.341
  _animator: {fileID: 346145390}
  _skinnedMeshRenderer: {fileID: 346145389}
  _parentModel: {fileID: 346145391}
  _heightAtScaleOne: 1.625
  _headToHmdOffsetLocal: {x: -0.0010367784, y: 0.085, z: 0.16}
  _heightChanged:
    m_PersistentCalls:
      m_Calls: []
--- !u!4 &592980198 stripped
Transform:
  m_CorrespondingSourceObject: {fileID: 5549508796979375449, guid: d85ccdb69a83cf44ba5385d7e257e93b,
    type: 3}
  m_PrefabInstance: {fileID: 1982233710}
  m_PrefabAsset: {fileID: 0}
--- !u!4 &631295074 stripped
Transform:
  m_CorrespondingSourceObject: {fileID: 5549508796377943931, guid: d85ccdb69a83cf44ba5385d7e257e93b,
    type: 3}
  m_PrefabInstance: {fileID: 1982233710}
  m_PrefabAsset: {fileID: 0}
--- !u!1 &667274649
GameObject:
  m_ObjectHideFlags: 0
  m_CorrespondingSourceObject: {fileID: 0}
  m_PrefabInstance: {fileID: 0}
  m_PrefabAsset: {fileID: 0}
  serializedVersion: 6
  m_Component:
  - component: {fileID: 667274650}
  - component: {fileID: 667274651}
  m_Layer: 0
  m_Name: basic_vrik
  m_TagString: Untagged
  m_Icon: {fileID: 0}
  m_NavMeshLayer: 0
  m_StaticEditorFlags: 0
  m_IsActive: 1
--- !u!4 &667274650
Transform:
  m_ObjectHideFlags: 0
  m_CorrespondingSourceObject: {fileID: 0}
  m_PrefabInstance: {fileID: 0}
  m_PrefabAsset: {fileID: 0}
  m_GameObject: {fileID: 667274649}
  m_LocalRotation: {x: 0, y: 0, z: 0, w: 1}
  m_LocalPosition: {x: 0, y: 0, z: 0}
  m_LocalScale: {x: 1, y: 1, z: 1}
  m_Children: []
  m_Father: {fileID: 505336039}
  m_RootOrder: 2
  m_LocalEulerAnglesHint: {x: 0, y: 0, z: 0}
--- !u!114 &667274651
MonoBehaviour:
  m_ObjectHideFlags: 0
  m_CorrespondingSourceObject: {fileID: 0}
  m_PrefabInstance: {fileID: 0}
  m_PrefabAsset: {fileID: 0}
  m_GameObject: {fileID: 667274649}
  m_Enabled: 1
  m_EditorHideFlags: 0
  m_Script: {fileID: 11500000, guid: 2ba5076ea9f0fb4448c1e36fe3937923, type: 3}
  m_Name: 
  m_EditorClassIdentifier: 
  _vrik: {fileID: 346145414}
  _weightChangeDuration: 1
  _weightChangeEasingType: 0
  _basicIkTargetHead: {fileID: 465386246}
  _basicIkTargetHandLeft: {fileID: 1638956173}
  _basicIkTargetHandRight: {fileID: 413536457}
--- !u!1 &756469423 stripped
GameObject:
  m_CorrespondingSourceObject: {fileID: 5549508796377943930, guid: d85ccdb69a83cf44ba5385d7e257e93b,
    type: 3}
  m_PrefabInstance: {fileID: 1982233710}
  m_PrefabAsset: {fileID: 0}
--- !u!114 &756469424
MonoBehaviour:
  m_ObjectHideFlags: 0
  m_CorrespondingSourceObject: {fileID: 0}
  m_PrefabInstance: {fileID: 0}
  m_PrefabAsset: {fileID: 0}
  m_GameObject: {fileID: 756469423}
  m_Enabled: 1
  m_EditorHideFlags: 0
  m_Script: {fileID: 11500000, guid: cf3030309ba00db4a9578e286436eb6a, type: 3}
  m_Name: 
  m_EditorClassIdentifier: 
  _editorTimeUpdate: 0
  _editorDrawGizmoTarget: 1
  _editorGizmoSize: 0.1
  _tracker:
    _sourceType: 2
    _transform: {fileID: 631295074}
    _rigidbody: {fileID: 0}
    _basicPoseSingle: {fileID: 11400000, guid: d758ed82e968d5245bd7716f2cdc0be6, type: 2}
  _target:
    _sourceType: 0
    _transform: {fileID: 631295074}
    _rigidbody: {fileID: 0}
    _basicPoseSingle: {fileID: 0}
  _setupCallbackFlags: 0
  _updateCallbackFlags: 1
  _targetOffsetPositionWorldSpace: 0
  _targetOffsetPosition: {x: 0, y: 0, z: 0}
  _targetOffsetRotation: {x: 0, y: 0, z: 0}
  _followProperties: -1
--- !u!4 &975694866 stripped
Transform:
  m_CorrespondingSourceObject: {fileID: 5549508797740213464, guid: d85ccdb69a83cf44ba5385d7e257e93b,
    type: 3}
  m_PrefabInstance: {fileID: 1982233710}
  m_PrefabAsset: {fileID: 0}
--- !u!1 &1055966849
GameObject:
  m_ObjectHideFlags: 0
  m_CorrespondingSourceObject: {fileID: 0}
  m_PrefabInstance: {fileID: 0}
  m_PrefabAsset: {fileID: 0}
  serializedVersion: 6
  m_Component:
  - component: {fileID: 1055966851}
  - component: {fileID: 1055966850}
  m_Layer: 0
  m_Name: hmd_height_measurer
  m_TagString: Untagged
  m_Icon: {fileID: 0}
  m_NavMeshLayer: 0
  m_StaticEditorFlags: 0
  m_IsActive: 1
--- !u!114 &1055966850
MonoBehaviour:
  m_ObjectHideFlags: 0
  m_CorrespondingSourceObject: {fileID: 0}
  m_PrefabInstance: {fileID: 0}
  m_PrefabAsset: {fileID: 0}
  m_GameObject: {fileID: 1055966849}
  m_Enabled: 1
  m_EditorHideFlags: 0
  m_Script: {fileID: 11500000, guid: c73adbeb0be59a34490075352b89c377, type: 3}
  m_Name: 
  m_EditorClassIdentifier: 
  _transformHmd: {fileID: 592980198}
  _offsetHeight: 0.1
  _startOnAwake: 0
  _isMeasuringChanged:
    _value:
      m_PersistentCalls:
        m_Calls: []
    _invertedValue:
      m_PersistentCalls:
        m_Calls: []
    _isTrue:
      m_PersistentCalls:
        m_Calls: []
    _isFalse:
      m_PersistentCalls:
        m_Calls: []
  _heightChanged:
    m_PersistentCalls:
      m_Calls:
      - m_Target: {fileID: 505336041}
        m_MethodName: set_Height
        m_Mode: 0
        m_Arguments:
          m_ObjectArgument: {fileID: 0}
          m_ObjectArgumentAssemblyTypeName: UnityEngine.Object, UnityEngine
          m_IntArgument: 0
          m_FloatArgument: 0
          m_StringArgument: 
          m_BoolArgument: 0
        m_CallState: 2
--- !u!4 &1055966851
Transform:
  m_ObjectHideFlags: 0
  m_CorrespondingSourceObject: {fileID: 0}
  m_PrefabInstance: {fileID: 0}
  m_PrefabAsset: {fileID: 0}
  m_GameObject: {fileID: 1055966849}
  m_LocalRotation: {x: 0, y: 0, z: 0, w: 1}
  m_LocalPosition: {x: 1.836836, y: 1.1283225, z: 0.2766084}
  m_LocalScale: {x: 1, y: 1, z: 1}
  m_Children: []
  m_Father: {fileID: 0}
  m_RootOrder: 5
  m_LocalEulerAnglesHint: {x: 0, y: 0, z: 0}
--- !u!1 &1315006606 stripped
GameObject:
  m_CorrespondingSourceObject: {fileID: 5549508797740213447, guid: d85ccdb69a83cf44ba5385d7e257e93b,
    type: 3}
  m_PrefabInstance: {fileID: 1982233710}
  m_PrefabAsset: {fileID: 0}
--- !u!114 &1315006607
MonoBehaviour:
  m_ObjectHideFlags: 0
  m_CorrespondingSourceObject: {fileID: 0}
  m_PrefabInstance: {fileID: 0}
  m_PrefabAsset: {fileID: 0}
  m_GameObject: {fileID: 1315006606}
  m_Enabled: 1
  m_EditorHideFlags: 0
  m_Script: {fileID: 11500000, guid: cf3030309ba00db4a9578e286436eb6a, type: 3}
  m_Name: 
  m_EditorClassIdentifier: 
  _editorTimeUpdate: 0
  _editorDrawGizmoTarget: 1
  _editorGizmoSize: 0.1
  _tracker:
    _sourceType: 2
    _transform: {fileID: 975694866}
    _rigidbody: {fileID: 0}
    _basicPoseSingle: {fileID: 11400000, guid: 5662fee2b5f8e354795656246034f2a1, type: 2}
  _target:
    _sourceType: 0
    _transform: {fileID: 975694866}
    _rigidbody: {fileID: 0}
    _basicPoseSingle: {fileID: 0}
  _setupCallbackFlags: 0
  _updateCallbackFlags: 1
  _targetOffsetPositionWorldSpace: 0
  _targetOffsetPosition: {x: 0, y: 0, z: 0}
  _targetOffsetRotation: {x: 0, y: 0, z: 0}
  _followProperties: -1
--- !u!1 &1324672998
GameObject:
  m_ObjectHideFlags: 0
  m_CorrespondingSourceObject: {fileID: 0}
  m_PrefabInstance: {fileID: 0}
  m_PrefabAsset: {fileID: 0}
  serializedVersion: 6
  m_Component:
  - component: {fileID: 1324673000}
  - component: {fileID: 1324672999}
  m_Layer: 0
  m_Name: light_directional
  m_TagString: Untagged
  m_Icon: {fileID: 0}
  m_NavMeshLayer: 0
  m_StaticEditorFlags: 0
  m_IsActive: 1
--- !u!108 &1324672999
Light:
  m_ObjectHideFlags: 0
  m_CorrespondingSourceObject: {fileID: 0}
  m_PrefabInstance: {fileID: 0}
  m_PrefabAsset: {fileID: 0}
  m_GameObject: {fileID: 1324672998}
  m_Enabled: 1
  serializedVersion: 10
  m_Type: 1
  m_Shape: 0
  m_Color: {r: 1, g: 0.95686275, b: 0.8392157, a: 1}
  m_Intensity: 1
  m_Range: 10
  m_SpotAngle: 30
  m_InnerSpotAngle: 21.80208
  m_CookieSize: 10
  m_Shadows:
    m_Type: 2
    m_Resolution: -1
    m_CustomResolution: -1
    m_Strength: 1
    m_Bias: 0.05
    m_NormalBias: 0.4
    m_NearPlane: 0.2
    m_CullingMatrixOverride:
      e00: 1
      e01: 0
      e02: 0
      e03: 0
      e10: 0
      e11: 1
      e12: 0
      e13: 0
      e20: 0
      e21: 0
      e22: 1
      e23: 0
      e30: 0
      e31: 0
      e32: 0
      e33: 1
    m_UseCullingMatrixOverride: 0
  m_Cookie: {fileID: 0}
  m_DrawHalo: 0
  m_Flare: {fileID: 0}
  m_RenderMode: 0
  m_CullingMask:
    serializedVersion: 2
    m_Bits: 4294967295
  m_RenderingLayerMask: 1
  m_Lightmapping: 1
  m_LightShadowCasterMode: 0
  m_AreaSize: {x: 1, y: 1}
  m_BounceIntensity: 1
  m_ColorTemperature: 6570
  m_UseColorTemperature: 0
  m_BoundingSphereOverride: {x: 3e-45, y: 0, z: 0, w: 1e-45}
  m_UseBoundingSphereOverride: 0
  m_ShadowRadius: 0
  m_ShadowAngle: 0
--- !u!4 &1324673000
Transform:
  m_ObjectHideFlags: 0
  m_CorrespondingSourceObject: {fileID: 0}
  m_PrefabInstance: {fileID: 0}
  m_PrefabAsset: {fileID: 0}
  m_GameObject: {fileID: 1324672998}
  m_LocalRotation: {x: 0.40821788, y: -0.23456968, z: 0.10938163, w: 0.8754261}
  m_LocalPosition: {x: 0, y: 3, z: 0}
  m_LocalScale: {x: 1, y: 1, z: 1}
  m_Children: []
  m_Father: {fileID: 0}
  m_RootOrder: 0
  m_LocalEulerAnglesHint: {x: 50, y: -30, z: 0}
--- !u!1 &1638956172
GameObject:
  m_ObjectHideFlags: 0
  m_CorrespondingSourceObject: {fileID: 0}
  m_PrefabInstance: {fileID: 0}
  m_PrefabAsset: {fileID: 0}
  serializedVersion: 6
  m_Component:
  - component: {fileID: 1638956175}
  - component: {fileID: 1638956173}
  - component: {fileID: 1638956174}
  - component: {fileID: 1638956176}
  m_Layer: 0
  m_Name: ik_target_hand_left
  m_TagString: Untagged
  m_Icon: {fileID: 0}
  m_NavMeshLayer: 0
  m_StaticEditorFlags: 0
  m_IsActive: 1
--- !u!114 &1638956173
MonoBehaviour:
  m_ObjectHideFlags: 0
  m_CorrespondingSourceObject: {fileID: 0}
  m_PrefabInstance: {fileID: 0}
  m_PrefabAsset: {fileID: 0}
  m_GameObject: {fileID: 1638956172}
  m_Enabled: 1
  m_EditorHideFlags: 0
  m_Script: {fileID: 11500000, guid: 643caba141f08dd458ce8a1aea8ef7e2, type: 3}
  m_Name: 
  m_EditorClassIdentifier: 
  _targetActive: 1
  _transformTarget: {fileID: 1638956175}
  _targetActiveChanged:
    _value:
      m_PersistentCalls:
        m_Calls: []
    _invertedValue:
      m_PersistentCalls:
        m_Calls: []
    _isTrue:
      m_PersistentCalls:
        m_Calls: []
    _isFalse:
      m_PersistentCalls:
        m_Calls: []
  _transformTargetChanged:
    m_PersistentCalls:
      m_Calls: []
--- !u!114 &1638956174
MonoBehaviour:
  m_ObjectHideFlags: 0
  m_CorrespondingSourceObject: {fileID: 0}
  m_PrefabInstance: {fileID: 0}
  m_PrefabAsset: {fileID: 0}
  m_GameObject: {fileID: 1638956172}
  m_Enabled: 1
  m_EditorHideFlags: 0
  m_Script: {fileID: 11500000, guid: cf3030309ba00db4a9578e286436eb6a, type: 3}
  m_Name: 
  m_EditorClassIdentifier: 
  _editorTimeUpdate: 0
  _editorDrawGizmoTarget: 1
  _editorGizmoSize: 0.1
  _tracker:
    _sourceType: 0
    _transform: {fileID: 1638956175}
    _rigidbody: {fileID: 0}
    _basicPoseSingle: {fileID: 0}
  _target:
    _sourceType: 0
    _transform: {fileID: 631295074}
    _rigidbody: {fileID: 0}
    _basicPoseSingle: {fileID: 0}
  _setupCallbackFlags: 0
  _updateCallbackFlags: 1
  _targetOffsetPositionWorldSpace: 0
  _targetOffsetPosition: {x: -0.02, y: 0, z: 0}
  _targetOffsetRotation: {x: 90, y: 90, z: 0}
  _followProperties: -1
--- !u!4 &1638956175
Transform:
  m_ObjectHideFlags: 0
  m_CorrespondingSourceObject: {fileID: 0}
  m_PrefabInstance: {fileID: 0}
  m_PrefabAsset: {fileID: 0}
  m_GameObject: {fileID: 1638956172}
  m_LocalRotation: {x: 0, y: 0, z: 0, w: 1}
  m_LocalPosition: {x: 0, y: 0, z: 0}
  m_LocalScale: {x: 1, y: 1, z: 1}
  m_Children: []
  m_Father: {fileID: 425279150}
  m_RootOrder: 1
  m_LocalEulerAnglesHint: {x: 0, y: 0, z: 0}
--- !u!114 &1638956176
MonoBehaviour:
  m_ObjectHideFlags: 0
  m_CorrespondingSourceObject: {fileID: 0}
  m_PrefabInstance: {fileID: 0}
  m_PrefabAsset: {fileID: 0}
  m_GameObject: {fileID: 1638956172}
  m_Enabled: 1
  m_EditorHideFlags: 0
  m_Script: {fileID: 11500000, guid: 18af5055fe9049629cb64735d9c15efa, type: 3}
  m_Name: 
  m_EditorClassIdentifier: 
  _listenValue: {fileID: 11400000, guid: c548d12bf6c6c3a4eb5f5b2f550e6200, type: 2}
  _raiseOnStates: 2
  _valueChangedString:
    m_PersistentCalls:
      m_Calls: []
  _valueChanged:
    m_PersistentCalls:
      m_Calls: []
  _valueChangedCompare: []
  _valueChangedPlus:
    _value:
      m_PersistentCalls:
        m_Calls:
        - m_Target: {fileID: 1638956173}
          m_MethodName: set_TargetActive
          m_Mode: 0
          m_Arguments:
            m_ObjectArgument: {fileID: 0}
            m_ObjectArgumentAssemblyTypeName: UnityEngine.Object, UnityEngine
            m_IntArgument: 0
            m_FloatArgument: 0
            m_StringArgument: 
            m_BoolArgument: 0
          m_CallState: 2
    _invertedValue:
      m_PersistentCalls:
        m_Calls: []
    _isTrue:
      m_PersistentCalls:
        m_Calls: []
    _isFalse:
      m_PersistentCalls:
        m_Calls: []
--- !u!1001 &1982233710
PrefabInstance:
  m_ObjectHideFlags: 0
  serializedVersion: 2
  m_Modification:
    m_TransformParent: {fileID: 0}
    m_Modifications:
    - target: {fileID: 5549508796801846552, guid: d85ccdb69a83cf44ba5385d7e257e93b,
        type: 3}
      propertyPath: m_Name
      value: rig_ovr_basic
      objectReference: {fileID: 0}
    - target: {fileID: 5549508796801846554, guid: d85ccdb69a83cf44ba5385d7e257e93b,
        type: 3}
      propertyPath: m_LocalPosition.x
      value: 0
      objectReference: {fileID: 0}
    - target: {fileID: 5549508796801846554, guid: d85ccdb69a83cf44ba5385d7e257e93b,
        type: 3}
      propertyPath: m_LocalPosition.y
      value: 0
      objectReference: {fileID: 0}
    - target: {fileID: 5549508796801846554, guid: d85ccdb69a83cf44ba5385d7e257e93b,
        type: 3}
      propertyPath: m_LocalPosition.z
      value: 0
      objectReference: {fileID: 0}
    - target: {fileID: 5549508796801846554, guid: d85ccdb69a83cf44ba5385d7e257e93b,
        type: 3}
      propertyPath: m_LocalRotation.x
      value: 0
      objectReference: {fileID: 0}
    - target: {fileID: 5549508796801846554, guid: d85ccdb69a83cf44ba5385d7e257e93b,
        type: 3}
      propertyPath: m_LocalRotation.y
      value: 0
      objectReference: {fileID: 0}
    - target: {fileID: 5549508796801846554, guid: d85ccdb69a83cf44ba5385d7e257e93b,
        type: 3}
      propertyPath: m_LocalRotation.z
      value: 0
      objectReference: {fileID: 0}
    - target: {fileID: 5549508796801846554, guid: d85ccdb69a83cf44ba5385d7e257e93b,
        type: 3}
      propertyPath: m_LocalRotation.w
      value: 1
      objectReference: {fileID: 0}
    - target: {fileID: 5549508796801846554, guid: d85ccdb69a83cf44ba5385d7e257e93b,
        type: 3}
      propertyPath: m_RootOrder
      value: 3
      objectReference: {fileID: 0}
    - target: {fileID: 5549508796801846554, guid: d85ccdb69a83cf44ba5385d7e257e93b,
        type: 3}
      propertyPath: m_LocalEulerAnglesHint.x
      value: 0
      objectReference: {fileID: 0}
    - target: {fileID: 5549508796801846554, guid: d85ccdb69a83cf44ba5385d7e257e93b,
        type: 3}
      propertyPath: m_LocalEulerAnglesHint.y
      value: 0
      objectReference: {fileID: 0}
    - target: {fileID: 5549508796801846554, guid: d85ccdb69a83cf44ba5385d7e257e93b,
        type: 3}
      propertyPath: m_LocalEulerAnglesHint.z
      value: 0
      objectReference: {fileID: 0}
    - target: {fileID: 5549508796801846555, guid: d85ccdb69a83cf44ba5385d7e257e93b,
        type: 3}
      propertyPath: _hmdTrackedChanged._value.m_PersistentCalls.m_Calls.Array.size
      value: 0
      objectReference: {fileID: 0}
    - target: {fileID: 5549508796801846555, guid: d85ccdb69a83cf44ba5385d7e257e93b,
        type: 3}
      propertyPath: _leftControllerTrackedChanged._value.m_PersistentCalls.m_Calls.Array.size
      value: 2
      objectReference: {fileID: 0}
    - target: {fileID: 5549508796801846555, guid: d85ccdb69a83cf44ba5385d7e257e93b,
        type: 3}
      propertyPath: _rightControllerTrackedChanged._value.m_PersistentCalls.m_Calls.Array.size
      value: 2
      objectReference: {fileID: 0}
    - target: {fileID: 5549508796801846555, guid: d85ccdb69a83cf44ba5385d7e257e93b,
        type: 3}
      propertyPath: _userPresentChanged._value.m_PersistentCalls.m_Calls.Array.size
      value: 1
      objectReference: {fileID: 0}
    - target: {fileID: 5549508796801846555, guid: d85ccdb69a83cf44ba5385d7e257e93b,
        type: 3}
      propertyPath: _hmdTrackedChanged._value.m_PersistentCalls.m_Calls.Array.data[0].m_Mode
      value: 0
      objectReference: {fileID: 0}
    - target: {fileID: 5549508796801846555, guid: d85ccdb69a83cf44ba5385d7e257e93b,
        type: 3}
      propertyPath: _hmdTrackedChanged._value.m_PersistentCalls.m_Calls.Array.data[0].m_CallState
      value: 2
      objectReference: {fileID: 0}
    - target: {fileID: 5549508796801846555, guid: d85ccdb69a83cf44ba5385d7e257e93b,
        type: 3}
      propertyPath: _hmdTrackedChanged._value.m_PersistentCalls.m_Calls.Array.data[0].m_Target
      value: 
      objectReference: {fileID: 11400000, guid: 8dedc96ef28a58c4aa1dfe552e2dc992,
        type: 2}
    - target: {fileID: 5549508796801846555, guid: d85ccdb69a83cf44ba5385d7e257e93b,
        type: 3}
      propertyPath: _hmdTrackedChanged._value.m_PersistentCalls.m_Calls.Array.data[0].m_MethodName
      value: set_Value
      objectReference: {fileID: 0}
    - target: {fileID: 5549508796801846555, guid: d85ccdb69a83cf44ba5385d7e257e93b,
        type: 3}
      propertyPath: _hmdTrackedChanged._value.m_PersistentCalls.m_Calls.Array.data[0].m_Arguments.m_ObjectArgumentAssemblyTypeName
      value: UnityEngine.Object, UnityEngine
      objectReference: {fileID: 0}
    - target: {fileID: 5549508796801846555, guid: d85ccdb69a83cf44ba5385d7e257e93b,
        type: 3}
      propertyPath: _leftControllerTrackedChanged._value.m_PersistentCalls.m_Calls.Array.data[1].m_Mode
      value: 0
      objectReference: {fileID: 0}
    - target: {fileID: 5549508796801846555, guid: d85ccdb69a83cf44ba5385d7e257e93b,
        type: 3}
      propertyPath: _leftControllerTrackedChanged._value.m_PersistentCalls.m_Calls.Array.data[1].m_CallState
      value: 2
      objectReference: {fileID: 0}
    - target: {fileID: 5549508796801846555, guid: d85ccdb69a83cf44ba5385d7e257e93b,
        type: 3}
      propertyPath: _leftControllerTrackedChanged._value.m_PersistentCalls.m_Calls.Array.data[1].m_Target
      value: 
      objectReference: {fileID: 11400000, guid: c548d12bf6c6c3a4eb5f5b2f550e6200,
        type: 2}
    - target: {fileID: 5549508796801846555, guid: d85ccdb69a83cf44ba5385d7e257e93b,
        type: 3}
      propertyPath: _leftControllerTrackedChanged._value.m_PersistentCalls.m_Calls.Array.data[1].m_MethodName
      value: set_Value
      objectReference: {fileID: 0}
    - target: {fileID: 5549508796801846555, guid: d85ccdb69a83cf44ba5385d7e257e93b,
        type: 3}
      propertyPath: _leftControllerTrackedChanged._value.m_PersistentCalls.m_Calls.Array.data[1].m_Arguments.m_ObjectArgumentAssemblyTypeName
      value: UnityEngine.Object, UnityEngine
      objectReference: {fileID: 0}
    - target: {fileID: 5549508796801846555, guid: d85ccdb69a83cf44ba5385d7e257e93b,
        type: 3}
      propertyPath: _rightControllerTrackedChanged._value.m_PersistentCalls.m_Calls.Array.data[1].m_Mode
      value: 0
      objectReference: {fileID: 0}
    - target: {fileID: 5549508796801846555, guid: d85ccdb69a83cf44ba5385d7e257e93b,
        type: 3}
      propertyPath: _rightControllerTrackedChanged._value.m_PersistentCalls.m_Calls.Array.data[1].m_CallState
      value: 2
      objectReference: {fileID: 0}
    - target: {fileID: 5549508796801846555, guid: d85ccdb69a83cf44ba5385d7e257e93b,
        type: 3}
      propertyPath: _rightControllerTrackedChanged._value.m_PersistentCalls.m_Calls.Array.data[1].m_Target
      value: 
      objectReference: {fileID: 11400000, guid: 0a713b35d07eb9144b1b5c3b2805754a,
        type: 2}
    - target: {fileID: 5549508796801846555, guid: d85ccdb69a83cf44ba5385d7e257e93b,
        type: 3}
      propertyPath: _rightControllerTrackedChanged._value.m_PersistentCalls.m_Calls.Array.data[1].m_MethodName
      value: set_Value
      objectReference: {fileID: 0}
    - target: {fileID: 5549508796801846555, guid: d85ccdb69a83cf44ba5385d7e257e93b,
        type: 3}
      propertyPath: _rightControllerTrackedChanged._value.m_PersistentCalls.m_Calls.Array.data[1].m_Arguments.m_ObjectArgumentAssemblyTypeName
      value: UnityEngine.Object, UnityEngine
      objectReference: {fileID: 0}
    - target: {fileID: 5549508796801846555, guid: d85ccdb69a83cf44ba5385d7e257e93b,
        type: 3}
      propertyPath: _userPresentChanged._value.m_PersistentCalls.m_Calls.Array.data[0].m_Mode
      value: 0
      objectReference: {fileID: 0}
    - target: {fileID: 5549508796801846555, guid: d85ccdb69a83cf44ba5385d7e257e93b,
        type: 3}
      propertyPath: _userPresentChanged._value.m_PersistentCalls.m_Calls.Array.data[0].m_CallState
      value: 2
      objectReference: {fileID: 0}
    - target: {fileID: 5549508796801846555, guid: d85ccdb69a83cf44ba5385d7e257e93b,
        type: 3}
      propertyPath: _userPresentChanged._value.m_PersistentCalls.m_Calls.Array.data[0].m_Target
      value: 
      objectReference: {fileID: 11400000, guid: 8dedc96ef28a58c4aa1dfe552e2dc992,
        type: 2}
    - target: {fileID: 5549508796801846555, guid: d85ccdb69a83cf44ba5385d7e257e93b,
        type: 3}
      propertyPath: _userPresentChanged._value.m_PersistentCalls.m_Calls.Array.data[0].m_MethodName
      value: set_Value
      objectReference: {fileID: 0}
    - target: {fileID: 5549508796801846555, guid: d85ccdb69a83cf44ba5385d7e257e93b,
        type: 3}
      propertyPath: _userPresentChanged._value.m_PersistentCalls.m_Calls.Array.data[0].m_Arguments.m_ObjectArgumentAssemblyTypeName
      value: UnityEngine.Object, UnityEngine
      objectReference: {fileID: 0}
    m_RemovedComponents: []
  m_SourcePrefab: {fileID: 100100000, guid: d85ccdb69a83cf44ba5385d7e257e93b, type: 3}
--- !u!1 &2039549874 stripped
GameObject:
  m_CorrespondingSourceObject: {fileID: 5549508796979375430, guid: d85ccdb69a83cf44ba5385d7e257e93b,
    type: 3}
  m_PrefabInstance: {fileID: 1982233710}
  m_PrefabAsset: {fileID: 0}
--- !u!114 &2039549875
MonoBehaviour:
  m_ObjectHideFlags: 0
  m_CorrespondingSourceObject: {fileID: 0}
  m_PrefabInstance: {fileID: 0}
  m_PrefabAsset: {fileID: 0}
  m_GameObject: {fileID: 2039549874}
  m_Enabled: 1
  m_EditorHideFlags: 0
  m_Script: {fileID: 11500000, guid: cf3030309ba00db4a9578e286436eb6a, type: 3}
  m_Name: 
  m_EditorClassIdentifier: 
  _editorTimeUpdate: 0
  _editorDrawGizmoTarget: 1
  _editorGizmoSize: 0.1
  _tracker:
    _sourceType: 2
    _transform: {fileID: 592980198}
    _rigidbody: {fileID: 0}
    _basicPoseSingle: {fileID: 11400000, guid: 973fce2b7a05e6841b48a5cd8946c3a6, type: 2}
  _target:
    _sourceType: 0
    _transform: {fileID: 592980198}
    _rigidbody: {fileID: 0}
    _basicPoseSingle: {fileID: 0}
  _setupCallbackFlags: 0
  _updateCallbackFlags: 1
  _targetOffsetPositionWorldSpace: 0
  _targetOffsetPosition: {x: 0, y: 0, z: 0}
  _targetOffsetRotation: {x: 0, y: 0, z: 0}
  _followProperties: -1
--- !u!1 &2100867921
GameObject:
  m_ObjectHideFlags: 1
  m_CorrespondingSourceObject: {fileID: 0}
  m_PrefabInstance: {fileID: 0}
  m_PrefabAsset: {fileID: 0}
  serializedVersion: 6
  m_Component:
  - component: {fileID: 2100867923}
  - component: {fileID: 2100867922}
  m_Layer: 0
  m_Name: Unity-RecorderBindings
  m_TagString: EditorOnly
  m_Icon: {fileID: 0}
  m_NavMeshLayer: 0
  m_StaticEditorFlags: 0
  m_IsActive: 1
--- !u!114 &2100867922
MonoBehaviour:
  m_ObjectHideFlags: 1
  m_CorrespondingSourceObject: {fileID: 0}
  m_PrefabInstance: {fileID: 0}
  m_PrefabAsset: {fileID: 0}
  m_GameObject: {fileID: 2100867921}
  m_Enabled: 1
  m_EditorHideFlags: 0
  m_Script: {fileID: 11500000, guid: a24bc7e8573847adbdf1198360b3c794, type: 3}
  m_Name: 
  m_EditorClassIdentifier: 
  m_References:
    m_Keys:
    - 4369c991d2ee5894a95e0d9294e86977
    - e51c9be50095aed4eb5c01dd57823d62
    m_Values:
    - {fileID: 425279149}
    - {fileID: 425279149}
--- !u!4 &2100867923
Transform:
  m_ObjectHideFlags: 1
  m_CorrespondingSourceObject: {fileID: 0}
  m_PrefabInstance: {fileID: 0}
  m_PrefabAsset: {fileID: 0}
  m_GameObject: {fileID: 2100867921}
  m_LocalRotation: {x: 0, y: 0, z: 0, w: 1}
  m_LocalPosition: {x: 0, y: 0, z: 0}
  m_LocalScale: {x: 1, y: 1, z: 1}
  m_Children: []
  m_Father: {fileID: 0}
  m_RootOrder: 6
  m_LocalEulerAnglesHint: {x: 0, y: 0, z: 0}
--- !u!1 &2114626187
GameObject:
  m_ObjectHideFlags: 0
  m_CorrespondingSourceObject: {fileID: 0}
  m_PrefabInstance: {fileID: 0}
  m_PrefabAsset: {fileID: 0}
  serializedVersion: 6
  m_Component:
  - component: {fileID: 2114626188}
  - component: {fileID: 2114626189}
  m_Layer: 0
  m_Name: blink
  m_TagString: Untagged
  m_Icon: {fileID: 0}
  m_NavMeshLayer: 0
  m_StaticEditorFlags: 0
  m_IsActive: 1
--- !u!4 &2114626188
Transform:
  m_ObjectHideFlags: 0
  m_CorrespondingSourceObject: {fileID: 0}
  m_PrefabInstance: {fileID: 0}
  m_PrefabAsset: {fileID: 0}
  m_GameObject: {fileID: 2114626187}
  m_LocalRotation: {x: 0, y: 0, z: 0, w: 1}
  m_LocalPosition: {x: 0, y: 0, z: 0}
  m_LocalScale: {x: 1, y: 1, z: 1}
  m_Children: []
  m_Father: {fileID: 505336039}
  m_RootOrder: 1
  m_LocalEulerAnglesHint: {x: 0, y: 0, z: 0}
--- !u!114 &2114626189
MonoBehaviour:
  m_ObjectHideFlags: 0
  m_CorrespondingSourceObject: {fileID: 0}
  m_PrefabInstance: {fileID: 0}
  m_PrefabAsset: {fileID: 0}
  m_GameObject: {fileID: 2114626187}
  m_Enabled: 1
  m_EditorHideFlags: 0
  m_Script: {fileID: 11500000, guid: f0b61729bb83676438b1e3d2ded94cda, type: 3}
  m_Name: 
  m_EditorClassIdentifier: 
  _basicHumanoid: {fileID: 505336041}
  _leftBlinkIndex: 18
  _rightBlinkIndex: 18
  _blinkDelayRange:
    _min: 1
    _max: 5
    _range: 4
  _closeDurationRange:
    _min: 0
    _max: 0.5
    _range: 0.5
